@techreport{Sun2021,
    title = {{Amortized Bayesian Prototype Meta-learning: A New Probabilistic Meta-learning Approach to Few-shot Image Classification}},
    year = {2021},
    author = {Sun, Zhuo and Wu, Jijie and Li, Xiaoxu and Yang, Wenming and Xue, Jing-Hao}
}

@inproceedings{Wang2021,
    title = {{Cross-Domain Few-Shot Classification via Adversarial Task Augmentation}},
    year = {2021},
    booktitle = {IJCAI International Joint Conference on Artificial Intelligence},
    author = {Wang, Haoqing and Deng, Zhi Hong},
    month = {8},
    pages = {1075--1081},
    volume = {2},
    publisher = {International Joint Conferences on Artificial Intelligence},
    url = {https://www.ijcai.org/proceedings/2021/149},
    isbn = {9780999241196},
    doi = {10.24963/ijcai.2021/149},
    issn = {10450823},
    arxivId = {2104.14385},
    keywords = {Computer Vision: Recognition: Detection {\&} Categori, Machine Learning: Adversarial Machine Learning, Machine Learning: Deep Learning}
}

@article{Bateni2020,
    title = {{Enhancing Few-Shot Image Classification with Unlabelled Examples}},
    year = {2020},
    author = {Bateni, Peyman and Barber, Jarred and van de Meent, Jan-Willem and Wood, Frank},
    month = {6},
    url = {http://arxiv.org/abs/2006.12245},
    arxivId = {2006.12245}
}

@article{Liu2021,
    title = {{Episode Adaptive Embedding Networks for Few-Shot Learning}},
    year = {2021},
    author = {Liu, Fangbing and Wang, Qing},
    pages = {3--15},
    doi = {10.1007/978-3-030-75768-7{\_}1},
    arxivId = {2106.09398},
    keywords = {episode adaptive embedding, few-shot learning}
}

@article{Jumper2021,
    title = {{Highly accurate protein structure prediction with AlphaFold}},
    year = {2021},
    journal = {Nature},
    author = {Jumper, John and Evans, Richard and Pritzel, Alexander and Green, Tim and Figurnov, Michael and Ronneberger, Olaf and Tunyasuvunakool, Kathryn and Bates, Russ and {\v{Z}}{\'{i}}dek, Augustin and Potapenko, Anna and Bridgland, Alex and Meyer, Clemens and Kohl, Simon A.A. and Ballard, Andrew J. and Cowie, Andrew and Romera-Paredes, Bernardino and Nikolov, Stanislav and Jain, Rishub and Adler, Jonas and Back, Trevor and Petersen, Stig and Reiman, David and Clancy, Ellen and Zielinski, Michal and Steinegger, Martin and Pacholska, Michalina and Berghammer, Tamas and Bodenstein, Sebastian and Silver, David and Vinyals, Oriol and Senior, Andrew W. and Kavukcuoglu, Koray and Kohli, Pushmeet and Hassabis, Demis},
    number = {7873},
    month = {8},
    pages = {583--589},
    volume = {596},
    publisher = {Nature Research},
    doi = {10.1038/s41586-021-03819-2},
    issn = {14764687},
    pmid = {34265844}
}

@article{Micchelli1986,
    title = {{Interpolation of scattered data: Distance matrices and conditionally positive definite functions}},
    year = {1986},
    journal = {Constructive Approximation 1986 2:1},
    author = {Micchelli, Charles A.},
    number = {1},
    month = {12},
    pages = {11--22},
    volume = {2},
    publisher = {Springer},
    url = {https://link-springer-com.tudelft.idm.oclc.org/article/10.1007/BF01893414},
    doi = {10.1007/BF01893414},
    issn = {1432-0940},
    keywords = {Analysis, Multivariate interpolation, Numerical Analysis, Positive definite functions, Thin plate splines}
}

@article{Ziko2020,
    title = {{Laplacian regularized few-shot learning}},
    year = {2020},
    journal = {37th International Conference on Machine Learning, ICML 2020},
    author = {Ziko, Imtiaz Masud and Dolz, Jose and Granger, Eric and Ayed, Ismail Ben},
    pages = {11596--11606},
    volume = {PartF16814},
    isbn = {9781713821120},
    arxivId = {2006.15486}
}

@techreport{BokLee,
    title = {{META-GMVAE: MIXTURE OF GAUSSIAN VAES FOR UNSUPERVISED META-LEARNING}},
    author = {Bok Lee, Dong and Min, Dongchan and Lee, Seanie and Ju Hwang, Sung and Korea, South}
}

@inproceedings{Rusu2019,
    title = {{Meta-learning with latent embedding optimization}},
    year = {2019},
    booktitle = {7th International Conference on Learning Representations, ICLR 2019},
    author = {Rusu, Andrei A. and Rao, Dushyant and Sygnowski, Jakub and Vinyals, Oriol and Pascanu, Razvan and Osindero, Simon and Hadsell, Raia},
    month = {7},
    publisher = {International Conference on Learning Representations, ICLR},
    url = {https://arxiv.org/abs/1807.05960v3},
    arxivId = {1807.05960}
}

@article{Tolstikhin2021,
    title = {{MLP-Mixer: An all-MLP Architecture for Vision}},
    year = {2021},
    author = {Tolstikhin, Ilya and Houlsby, Neil and Kolesnikov, Alexander and Beyer, Lucas and Zhai, Xiaohua and Unterthiner, Thomas and Yung, Jessica and Steiner, Andreas and Keysers, Daniel and Uszkoreit, Jakob and Lucic, Mario and Dosovitskiy, Alexey},
    pages = {1--16},
    url = {http://arxiv.org/abs/2105.01601},
    arxivId = {2105.01601}
}

@article{Kim,
    title = {{Pure Transformers are Powerful Graph Learners}},
    author = {Kim, Jinwoo and Dat Nguyen, Tien and Min, Seonwoo and Cho, Sungjun and Lee, Moontae and Lee, Honglak and Hong, Seunghoon},
    url = {https://github.com/jw9730/tokengt.},
    arxivId = {2207.02505v1}
}

@article{Ye2022,
    title = {{Revisiting Unsupervised Meta-Learning via the Characteristics of Few-Shot Tasks}},
    year = {2022},
    journal = {IEEE Transactions on Pattern Analysis and Machine Intelligence},
    author = {Ye, Han-Jia and Han, Lu and Zhan, De-Chuan},
    pages = {1--1},
    url = {https://ieeexplore.ieee.org/document/9786650/},
    doi = {10.1109/TPAMI.2022.3179368},
    issn = {0162-8828}
}

@article{Kingma2014,
    title = {{Semi-Supervised Learning with Deep Generative Models}},
    year = {2014},
    author = {Kingma, Diederik P. and Rezende, Danilo J. and Mohamed, Shakir and Welling, Max},
    month = {6},
    url = {http://arxiv.org/abs/1406.5298},
    arxivId = {1406.5298}
}

@article{DhillonACLASSIFICATION,
    title = {{A BASELINE FOR FEW-SHOT IMAGE CLASSIFICATION}},
    author = {Dhillon, Guneet S and Chaudhari, Pratik and Ravichandran, Avinash and Soatto, Stefano},
    arxivId = {1909.02729v5}
}

@article{Dhillon2019AClassification,
    title = {{A Baseline for Few-Shot Image Classification}},
    year = {2019},
    author = {Dhillon, Guneet S. and Chaudhari, Pratik and Ravichandran, Avinash and Soatto, Stefano},
    month = {9},
    url = {https://arxiv.org/abs/1909.02729v5},
    doi = {10.48550/arxiv.1909.02729},
    arxivId = {1909.02729}
}

@article{Dwivedi2020AGraphs,
    title = {{A Generalization of Transformer Networks to Graphs}},
    year = {2020},
    author = {Dwivedi, Vijay Prakash and Bresson, Xavier},
    month = {12},
    url = {https://arxiv.org/abs/2012.09699v2},
    doi = {10.48550/arxiv.2012.09699},
    arxivId = {2012.09699}
}

@article{Dwivedi2020AGraphsb,
    title = {{A Generalization of Transformer Networks to Graphs}},
    year = {2020},
    author = {Dwivedi, Vijay Prakash and Bresson, Xavier},
    month = {12},
    url = {https://arxiv.org/abs/2012.09699v2},
    doi = {10.48550/arxiv.2012.09699},
    arxivId = {2012.09699}
}

@article{MishraAAutoencoders,
    title = {{A Generative Model For Zero Shot Learning Using Conditional Variational Autoencoders}},
    author = {Mishra, Ashish and Reddy, Shiva Krishna and Mittal, Anurag and Murthy, Hema A},
    arxivId = {1709.00663v2}
}

@article{YangALearning,
    title = {{A Graph Regularized Deep Neural Network for Unsupervised Image Representation Learning}},
    author = {Yang, Shijie and Li, Liang and Wang, Shuhui and Zhang, Weigang and Huang, Qingming}
}

@article{Dumoulin2016ALearning,
    title = {{A guide to convolution arithmetic for deep learning}},
    year = {2016},
    author = {Dumoulin, Vincent and Visin, Francesco and Box, George E P},
    month = {3},
    url = {https://arxiv.org/abs/1603.07285v2},
    doi = {10.48550/arxiv.1603.07285},
    arxivId = {1603.07285}
}

@article{Mcculloch1943AACTIVITY,
    title = {{A LOGICAL CALCULUS OF THE IDEAS IMMANENT IN NERVOUS ACTIVITY}},
    year = {1943},
    journal = {BULLETIN OF MATHEMATICAL BIOPHYSICS},
    author = {Mcculloch, Warren S and Pitts, Walter},
    volume = {5}
}

@article{Bonner2021APerspective,
    title = {{A Review of Biomedical Datasets Relating to Drug Discovery: A Knowledge Graph Perspective}},
    year = {2021},
    author = {Bonner, Stephen and Barrett, Ian P and Ye, Cheng and Swiers, Rowan and Engkvist, Ola and Bender, Andreas and Hoyt, Charles Tapley and Hamilton, William L},
    month = {2},
    url = {http://arxiv.org/abs/2102.10062},
    arxivId = {2102.10062}
}

@article{AEx-trapolation,
    title = {{A Self-Supervised Framework for Function Learning and Ex-trapolation}}
}

@inproceedings{Nguyen2020ARecognition,
    title = {{A self-supervised GAN for unsupervised few-shot object recognition}},
    year = {2020},
    booktitle = {Proceedings - International Conference on Pattern Recognition},
    author = {Nguyen, Khoi and Todorovic, Sinisa},
    pages = {3225--3231},
    publisher = {Institute of Electrical and Electronics Engineers Inc.},
    isbn = {9781728188089},
    doi = {10.1109/ICPR48806.2021.9412539},
    issn = {10514651},
    arxivId = {2008.06982}
}

@article{Robbins1951AMethod,
    title = {{A Stochastic Approximation Method}},
    year = {1951},
    journal = {https://doi-org.tudelft.idm.oclc.org/10.1214/aoms/1177729586},
    author = {Robbins, Herbert and Monro, Sutton},
    number = {3},
    month = {9},
    pages = {400--407},
    volume = {22},
    publisher = {Institute of Mathematical Statistics},
    url = {https://projecteuclid-org.tudelft.idm.oclc.org/journals/annals-of-mathematical-statistics/volume-22/issue-3/A-Stochastic-Approximation-Method/10.1214/aoms/1177729586.full https://projecteuclid-org.tudelft.idm.oclc.org/journals/annals-of-mathematical-statistics/volume-22/issue-3/A-Stochastic-Approximation-Method/10.1214/aoms/1177729586.short},
    doi = {10.1214/AOMS/1177729586},
    issn = {0003-4851}
}

@article{Xia2022AApplications,
    title = {{A Survey of Pretraining on Graphs: Taxonomy, Methods, and Applications}},
    year = {2022},
    author = {Xia, Jun and Zhu, Yanqiao and Du, Yuanqi and Li, Stan Z.},
    month = {2},
    url = {http://arxiv.org/abs/2202.07893},
    arxivId = {2202.07893}
}

@article{Boudiaf2020ALosses,
    title = {{A Unifying Mutual Information View of Metric Learning: Cross-Entropy vs. Pairwise Losses}},
    year = {2020},
    journal = {Lecture Notes in Computer Science (including subseries Lecture Notes in Artificial Intelligence and Lecture Notes in Bioinformatics)},
    author = {Boudiaf, Malik and Rony, Jérôme and Ziko, Imtiaz Masud and Granger, Eric and Pedersoli, Marco and Piantanida, Pablo and Ayed, Ismail Ben},
    pages = {548--564},
    volume = {12351 LNCS},
    isbn = {9783030585389},
    doi = {10.1007/978-3-030-58539-6{\_}33},
    issn = {16113349},
    arxivId = {2003.08983},
    keywords = {Deep learning, Information theory, Metric learning}
}

@article{LiuACLASSIFICATION,
    title = {{A UNIVERSAL REPRESENTATION TRANSFORMER LAYER FOR FEW-SHOT IMAGE CLASSIFICATION}},
    author = {Liu, Lu and Hamilton, William and Long, Guodong and Jiang, Jing and Larochelle, Hugo},
    url = {https://github.com/liulu112601/URT.}
}

@article{Falcon2021AAVAE:Autoencoders,
    title = {{AAVAE: Augmentation-Augmented Variational Autoencoders}},
    year = {2021},
    author = {Falcon, William and Jha, Ananya Harsh and Koker, Teddy and Cho, Kyunghyun},
    month = {7},
    url = {https://arxiv.org/abs/2107.12329v2 http://arxiv.org/abs/2107.12329},
    isbn = {2107.12329v2},
    arxivId = {2107.12329}
}

@article{Kuzovkin2018ActivationsCortex,
    title = {{Activations of deep convolutional neural networks are aligned with gamma band activity of human visual cortex}},
    year = {2018},
    journal = {Communications Biology 2018 1:1},
    author = {Kuzovkin, Ilya and Vicente, Raul and Petton, Mathilde and Lachaux, Jean Philippe and Baciu, Monica and Kahane, Philippe and Rheims, Sylvain and Vidal, Juan R. and Aru, Jaan},
    number = {1},
    month = {8},
    pages = {1--12},
    volume = {1},
    publisher = {Nature Publishing Group},
    url = {https://www-nature-com.tudelft.idm.oclc.org/articles/s42003-018-0110-y},
    doi = {10.1038/S42003-018-0110-Y},
    issn = {2399-3642},
    pmid = {30271987},
    keywords = {Learning algorithms, Object vision}
}

@article{LuoAdversarialAdaptation,
    title = {{Adversarial Style Mining for One-Shot Unsupervised Domain Adaptation}},
    author = {Luo, Yawei and Liu, Ping and Guan, Tao and Yu, Junqing and Yang, Yi},
    arxivId = {2004.06042v1}
}

@techreport{Sun2021AmortizedClassification,
    title = {{Amortized Bayesian Prototype Meta-learning: A New Probabilistic Meta-learning Approach to Few-shot Image Classification}},
    year = {2021},
    author = {Sun, Zhuo and Wu, Jijie and Li, Xiaoxu and Yang, Wenming and Xue, Jing-Hao}
}

@article{Nguyen2020AnModels,
    title = {{An Adaptive EM Accelerator for Unsupervised Learning of Gaussian Mixture Models}},
    year = {2020},
    author = {Nguyen, Truong and Chen, Guangye and Chacon, Luis},
    month = {9},
    url = {https://arxiv.org/abs/2009.12703v1},
    arxivId = {2009.12703},
    keywords = {Anderson acceleration, Gaussian mixture model, Index Terms unsupervised machine learning, K-means, adaptive Expectation-Maximization, maximum likelihood estimation, monotonicity control, the gap statistic ✦}
}

@article{Chen2021AnTransformers,
    title = {{An Empirical Study of Training Self-Supervised Vision Transformers}},
    year = {2021},
    author = {Chen, Xinlei and Xie, Saining and He, Kaiming},
    url = {https://github.com/facebookresearch/moco-v3 http://arxiv.org/abs/2104.02057},
    doi = {10.1109/iccv48922.2021.00950},
    arxivId = {2104.02057}
}

@article{Chen2021AnTransformersb,
    title = {{An Empirical Study of Training Self-Supervised Vision Transformers}},
    year = {2021},
    author = {Chen, Xinlei and Xie, Saining and He, Kaiming},
    month = {4},
    url = {https://arxiv.org/abs/2104.02057v4},
    doi = {10.48550/arxiv.2104.02057},
    arxivId = {2104.02057}
}

@article{Dosovitskiy2020AnScale,
    title = {{An Image is Worth 16x16 Words: Transformers for Image Recognition at Scale}},
    year = {2020},
    author = {Dosovitskiy, Alexey and Beyer, Lucas and Kolesnikov, Alexander and Weissenborn, Dirk and Zhai, Xiaohua and Unterthiner, Thomas and Dehghani, Mostafa and Minderer, Matthias and Heigold, Georg and Gelly, Sylvain and Uszkoreit, Jakob and Houlsby, Neil},
    month = {10},
    url = {https://arxiv.org/abs/2010.11929v2},
    doi = {10.48550/arxiv.2010.11929},
    arxivId = {2010.11929}
}

@article{Cybenko1989ApproximationFunction,
    title = {{Approximation by superpositions of a sigmoidal function}},
    year = {1989},
    journal = {Mathematics of Control, Signals and Systems 1989 2:4},
    author = {Cybenko, G.},
    number = {4},
    month = {12},
    pages = {303--314},
    volume = {2},
    publisher = {Springer},
    url = {https://link-springer-com.tudelft.idm.oclc.org/article/10.1007/BF02551274},
    doi = {10.1007/BF02551274},
    issn = {1435-568X},
    keywords = {Communications Engineering, Control, Mechatronics, Networks, Robotics, Systems Theory}
}

@article{Hornik1991ApproximationNetworks,
    title = {{Approximation capabilities of multilayer feedforward networks}},
    year = {1991},
    journal = {Neural Networks},
    author = {Hornik, Kurt},
    number = {2},
    month = {1},
    pages = {251--257},
    volume = {4},
    publisher = {Pergamon},
    doi = {10.1016/0893-6080(91)90009-T},
    issn = {0893-6080},
    keywords = {Activation function, Input environment measure, Lp({$\mu$}) approximation, Multilayer feedforward networks, Smooth approximation, Sobolev spaces, Uniform approximation, Universal approximation capabilities}
}

@article{Li2020AreLearning,
    title = {{Are Fewer Labels Possible for Few-shot Learning?}},
    year = {2020},
    author = {Li, Suichan and Chen, Dongdong and Chen, Yinpeng and Yuan, Lu and Zhang, Lei and Chu, Qi and Yu, Nenghai},
    month = {12},
    url = {http://arxiv.org/abs/2012.05899},
    arxivId = {2012.05899}
}

@article{Li2020AreLearningb,
    title = {{Are Fewer Labels Possible for Few-shot Learning?}},
    year = {2020},
    author = {Li, Suichan and Chen, Dongdong and Chen, Yinpeng and Yuan, Lu and Zhang, Lei and Chu, Qi and Yu, Nenghai},
    month = {12},
    url = {http://arxiv.org/abs/2012.05899},
    arxivId = {2012.05899}
}

@article{Li2018AreaAttention,
    title = {{Area Attention}},
    year = {2018},
    journal = {36th International Conference on Machine Learning, ICML 2019},
    author = {Li, Yang and Kaiser, Lukasz and Bengio, Samy and Si, Si},
    month = {10},
    pages = {6833--6846},
    volume = {2019-June},
    publisher = {International Machine Learning Society (IMLS)},
    url = {https://arxiv.org/abs/1810.10126v7},
    arxivId = {1810.10126}
}

@article{Antoniou2019AssumeAugmentation,
    title = {{Assume, Augment and Learn: Unsupervised Few-Shot Meta-Learning via Random Labels and Data Augmentation}},
    year = {2019},
    author = {Antoniou, Antreas and Storkey, Amos},
    url = {http://arxiv.org/abs/1902.09884},
    arxivId = {1902.09884}
}

@article{Xu2021AttentionalLearning,
    title = {{Attentional Constellation Nets for Few-Shot Learning}},
    year = {2021},
    journal = {Iclr},
    author = {Xu, Weijian and Xu, Yifan and Wang, Huaijin and Tu, Zhuowen},
    number = {2002},
    pages = {1059523},
    volume = {64}
}

@article{XuATTENTIONALLEARNING,
    title = {{ATTENTIONAL CONSTELLATION NETS FOR FEW-SHOT LEARNING}},
    author = {Xu, Weijian and Xu, Yifan and Wang, Huaijin and Tu, Zhuowen and Diego, San and Services, Amazon Web}
}

@article{ChengAttentiveLearning,
    title = {{Attentive Graph Neural Networks for Few-Shot Learning}},
    author = {Cheng, Hao and Zhou, Joey Tianyi and Tay, Wee Peng and Wen, Bihan},
    arxivId = {2007.06878v2}
}

@article{Lee2022AutoregressiveQuantization,
    title = {{Autoregressive Image Generation using Residual Quantization}},
    year = {2022},
    author = {Lee, Doyup and Kim, Chiheon and Kim, Saehoon and Cho, Minsu and Han, Wook-Shin},
    month = {3},
    url = {https://arxiv.org/abs/2203.01941v1},
    doi = {10.48550/arxiv.2203.01941},
    arxivId = {2203.01941}
}

@article{Hot2021BFor,
    title = {{B Ayesian M Eta -L Earning for}},
    year = {2021},
    author = {Hot, F E W and Ompletion, S Hape C},
    number = {2018},
    pages = {1--22}
}

@article{LeCun1989BackpropagationRecognition,
    title = {{Backpropagation Applied to Handwritten Zip Code Recognition}},
    year = {1989},
    journal = {Neural Computation},
    author = {LeCun, Y. and Boser, B. and Denker, J. S. and Henderson, D. and Howard, R. E. and Hubbard, W. and Jackel, L. D.},
    number = {4},
    month = {12},
    pages = {541--551},
    volume = {1},
    publisher = {MIT Press - Journals},
    doi = {10.1162/NECO.1989.1.4.541},
    issn = {0899-7667}
}

@article{Zbontar2021BarlowReduction,
    title = {{Barlow Twins: Self-Supervised Learning via Redundancy Reduction}},
    year = {2021},
    author = {Zbontar, Jure and Jing, Li and Misra, Ishan and Lecun, Yann and Deny, Stéphane},
    month = {3},
    url = {https://arxiv.org/abs/2103.03230v3 http://arxiv.org/abs/2103.03230 https://github.com/facebookresearch/barlowtwins},
    arxivId = {2103.03230}
}

@article{LiBoostingLoss,
    title = {{Boosting Few-Shot Learning With Adaptive Margin Loss}},
    author = {Li, Aoxue and Huang, Weiran and Lan, Xu and Feng, Jiashi and Li, Zhenguo and Wang, Liwei},
    arxivId = {2005.13826v1}
}

@article{GrillBootstrapLearning,
    title = {{Bootstrap Your Own Latent A New Approach to Self-Supervised Learning}},
    author = {Grill, Jean-Bastien and Strub, Florian and Altch{\'{e}}, Florent and Tallec, Corentin and Richemond, Pierre H and Buchatskaya, Elena and Doersch, Carl and Pires, Bernardo Avila and Guo, Zhaohan Daniel and Azar, Mohammad Gheshlaghi and Piot, Bilal and Kavukcuoglu, Koray and Munos, Rémi and Valko, Michal},
    url = {https://github.com/deepmind/deepmind-research/tree/master/byol},
    isbn = {2006.07733v3},
    arxivId = {2006.07733v3}
}

@article{Smith2020BuildingPerformance,
    title = {{Building One-Shot Semi-supervised (BOSS) Learning up to Fully Supervised Performance}},
    year = {2020},
    author = {Smith, Leslie N. and Conovaloff, Adam},
    month = {6},
    url = {https://arxiv.org/abs/2006.09363v2},
    arxivId = {2006.09363}
}

@article{YangCalibratingLearning,
    title = {{Calibrating CNNs for Few-Shot Meta Learning}},
    author = {Yang, Peng and Ren, Shaogang and Zhao, Yang and Li, Ping}
}

@article{RobinsonCanSolutions,
    title = {{Can contrastive learning avoid shortcut solutions?}},
    author = {Robinson, Joshua and Sun, Li and Yu, Ke and Batmanghelich, Kayhan and Jegelka, Stefanie and Sra, Suvrit},
    url = {https://github.}
}

@article{Mangla2020ChartingLearning,
    title = {{Charting the right manifold: Manifold mixup for few-shot learning}},
    year = {2020},
    journal = {Proceedings - 2020 IEEE Winter Conference on Applications of Computer Vision, WACV 2020},
    author = {Mangla, Puneet and Singh, Mayank and Sinha, Abhishek and Kumari, Nupur and Balasubramanian, Vineeth N. and Krishnamurthy, Balaji},
    pages = {2207--2216},
    isbn = {9781728165530},
    doi = {10.1109/WACV45572.2020.9093338},
    arxivId = {1907.12087}
}

@article{Chithrananda2020ChemBERTa:Prediction,
    title = {{ChemBERTa: Large-Scale Self-Supervised Pretraining for Molecular Property Prediction}},
    year = {2020},
    author = {Chithrananda, Seyone and Grand, Gabriel and Ramsundar, Bharath},
    month = {10},
    url = {http://arxiv.org/abs/2010.09885},
    arxivId = {2010.09885}
}

@article{Fukushima1975Cognitron:Network,
    title = {{Cognitron: A self-organizing multilayered neural network}},
    year = {1975},
    journal = {Biological Cybernetics 1975 20:3},
    author = {Fukushima, Kunihiko},
    number = {3},
    month = {9},
    pages = {121--136},
    volume = {20},
    publisher = {Springer},
    url = {https://link-springer-com.tudelft.idm.oclc.org/article/10.1007/BF00342633},
    doi = {10.1007/BF00342633},
    issn = {1432-0770},
    pmid = {1203338},
    keywords = {Bioinformatics, Complex Systems, Computer Appl. in Life Sciences, Neurobiology, Neurosciences}
}

@article{MaCOMPASS:Systems,
    title = {{COMPASS: Contrastive Multimodal Pretraining for Autonomous Systems}},
    author = {Ma, Shuang and Vemprala, Sai and Wang, Wenshan and Gupta, Jayesh K and Song, Yale and Mcduff, Daniel and Kapoor, Ashish},
    url = {https://github.com/}
}

@article{Chen2020CompressedLearning,
    title = {{Compressed self-attention for deep metric learning}},
    year = {2020},
    journal = {AAAI 2020 - 34th AAAI Conference on Artificial Intelligence},
    author = {Chen, Ziye and Gong, Mingming and Xu, Yanwu and Wang, Chaohui and Zhang, Kun and Du, Bo},
    pages = {3561--3568},
    isbn = {9781577358350},
    doi = {10.1609/aaai.v34i04.5762},
    issn = {2159-5399}
}

@article{Peyre2019ComputationalTransport,
    title = {{Computational optimal transport}},
    year = {2019},
    journal = {Foundations and Trends in Machine Learning},
    author = {Peyr{\'{e}}, Gabriel and Cuturi, Marco},
    number = {5-6},
    pages = {1--257},
    volume = {11},
    publisher = {Now Publishers, Inc.},
    url = {http://dx.doi.org/10.1561/2200000073},
    isbn = {9781680833683},
    doi = {10.1561/2200000073},
    issn = {19358245},
    arxivId = {1803.00567},
    keywords = {Classification and prediction, Clustering, Machine Learning, Optimization}
}

@article{Cao2020ConceptLearning,
    title = {{Concept Learners for Few-Shot Learning}},
    year = {2020},
    author = {Cao, Kaidi and Brbic, Maria and Leskovec, Jure},
    pages = {1--17},
    url = {http://arxiv.org/abs/2007.07375},
    issn = {2331-8422},
    arxivId = {2007.07375}
}

@article{An2021ConditionalClassification,
    title = {{Conditional Self-Supervised Learning for Few-Shot Classification}},
    year = {2021},
    author = {An, Yuexuan and Xue, Hui and Zhao, Xingyu and Zhang, Lu},
    month = {8},
    pages = {2140--2146},
    volume = {3},
    publisher = {International Joint Conferences on Artificial Intelligence},
    url = {https://www.ijcai.org/proceedings/2021/295},
    isbn = {9780999241196},
    doi = {10.24963/IJCAI.2021/295},
    issn = {1045-0823},
    keywords = {Machine Learning: Classification, Machine Learning: Transfer {\&} Adaptation {\&} Multi-ta, Machine Learning: Unsupervised Learning}
}

@article{SunContextImages,
    title = {{Context Matters: Graph-based Self-supervised Representation Learning for Medical Images}},
    author = {Sun, Li and Yu, Ke and Batmanghelich, Kayhan},
    url = {www.aaai.org}
}

@article{LeeContextualLearning,
    title = {{Contextual Gradient Scaling for Few-Shot Learning}},
    author = {Lee, Sanghyuk and Lee, Seunghyun and Song, Byung Cheol}
}

@article{Nair2019ContextualLearning,
    title = {{Contextual Imagined Goals for Self-Supervised Robotic Learning}},
    year = {2019},
    author = {Nair, Ashvin and Bahl, Shikhar and Khazatsky, Alexander and Pong, Vitchyr and Berseth, Glen and Levine, Sergey},
    number = {CoRL},
    url = {http://arxiv.org/abs/1910.11670},
    arxivId = {1910.11670},
    keywords = {deep reinforcement learning, robotics, self-supervision}
}

@article{ZhuContrastiveEigenmaps,
    title = {{Contrastive Laplacian Eigenmaps}},
    author = {Zhu, Hao and Sun, Ke and Koniusz, Piotr and Data61, § and Csiro, /},
    url = {https://github.com/allenhaozhu/COLES.}
}

@article{GaoContrastiveLearning,
    title = {{Contrastive Prototype Learning with Augmented Embeddings for Few-Shot Learning}},
    author = {Gao, Yizhao and Fei, Nanyi and Liu, Guangzhen and Lu, Zhiwu and Xiang, Tao and Huang, Songfang},
    isbn = {2101.09499v1},
    arxivId = {2101.09499v1}
}

@article{Lindsay2021ConvolutionalFuture,
    title = {{Convolutional Neural Networks as a Model of the Visual System: Past, Present, and Future}},
    year = {2021},
    journal = {Journal of Cognitive Neuroscience},
    author = {Lindsay, Grace W.},
    number = {10},
    month = {9},
    pages = {2017--2031},
    volume = {33},
    publisher = {MIT Press},
    url = {https://direct-mit-edu.tudelft.idm.oclc.org/jocn/article/33/10/2017/97402/Convolutional-Neural-Networks-as-a-Model-of-the},
    doi = {10.1162/JOCN{\_}A{\_}01544},
    issn = {0898-929X},
    pmid = {32027584},
    arxivId = {2001.07092}
}

@article{Doersch2020CrossTransformers:Transfer,
    title = {{CrossTransformers: spatially-aware few-shot transfer}},
    year = {2020},
    journal = {Advances in Neural Information Processing Systems},
    author = {Doersch, Carl and Gupta, Ankush and Zisserman, Andrew},
    month = {7},
    volume = {2020-December},
    publisher = {Neural information processing systems foundation},
    url = {https://arxiv.org/abs/2007.11498v5},
    doi = {10.48550/arxiv.2007.11498},
    issn = {10495258},
    arxivId = {2007.11498}
}

@misc{CVPRRepository,
    title = {{CVPR 2021 Open Access Repository}},
    url = {https://openaccess.thecvf.com/content/CVPR2021/html/Wertheimer_Few-Shot_Classification_With_Feature_Map_Reconstruction_Networks_CVPR_2021_paper.html}
}

@article{Huang2021DAIR:Regularization,
    title = {{DAIR: Data Augmented Invariant Regularization}},
    year = {2021},
    author = {Huang, Tianjian and Halbe, Shaunak and Sankar, Chinnadhurai and Amini, Pooyan and Kottur, Satwik and Geramifard, Alborz and Razaviyayn, Meisam and Beirami, Ahmad},
    url = {http://arxiv.org/abs/2110.11205},
    arxivId = {2110.11205}
}

@article{Ni2020DataMeta-Learning,
    title = {{Data Augmentation for Meta-Learning}},
    year = {2020},
    author = {Ni, Renkun and Goldblum, Micah and Sharaf, Amr and Kong, Kezhi and Goldstein, Tom},
    month = {10},
    url = {https://arxiv.org/abs/2010.07092v2 http://arxiv.org/abs/2010.07092},
    doi = {10.48550/arxiv.2010.07092},
    arxivId = {2010.07092}
}

@misc{Wang2018DatasetDistillation,
    title = {{Dataset distillation}},
    year = {2018},
    booktitle = {arXiv},
    author = {Wang, Tongzhou and Torralba, Antonio and Zhu, Jun Yan and Efros, Alexei A.},
    month = {11},
    publisher = {arXiv},
    url = {http://arxiv.org/abs/1811.10959},
    issn = {23318422},
    arxivId = {1811.10959}
}

@article{Zhou2018DeepSpace,
    title = {{Deep meta-learning: Learning to learn in the concept space}},
    year = {2018},
    journal = {arXiv},
    author = {Zhou, Fengwei and Wu, Bin and Li, Zhenguo},
    issn = {23318422},
    arxivId = {1802.03596}
}

@article{Ozturk2018DeepDTA:Prediction,
    title = {{DeepDTA: Deep Drug-Target Binding Affinity Prediction}},
    year = {2018},
    author = {{\"{O}}zt{\"{u}}rk, Hakime and Ozkirimli, Elif and {\"{O}}zg{\"{u}}r, Arzucan},
    month = {1},
    url = {http://arxiv.org/abs/1801.10193 http://dx.doi.org/10.1093/bioinformatics/bty593},
    doi = {10.1093/bioinformatics/bty593},
    arxivId = {1801.10193}
}

@article{Poklukar2022DelaunayRepresentations,
    title = {{Delaunay Component Analysis for Evaluation of Data Representations}},
    year = {2022},
    author = {Poklukar, Petra and Polianskii, Vladislav and Varava, Anastasia and Pokorny, Florian and Kragic, Danica},
    month = {2},
    url = {https://arxiv.org/abs/2202.06866v1},
    doi = {10.48550/arxiv.2202.06866},
    arxivId = {2202.06866}
}

@inproceedings{Purushwalkam2020DemystifyingBiases,
    title = {{Demystifying contrastive self-supervised learning: Invariances, augmentations and dataset biases}},
    year = {2020},
    booktitle = {Advances in Neural Information Processing Systems},
    author = {Purushwalkam, Senthil and Gupta, Abhinav},
    volume = {2020-Decem},
    url = {http://www.cs.cmu.edu/~spurushw/publication/demystifyssl/},
    issn = {10495258},
    arxivId = {2007.13916}
}

@article{Niu2020DensityPrediction,
    title = {{Density Matrix Based Convolutional Neural Network for Click-Through Rate Prediction}},
    year = {2020},
    journal = {2020 3rd International Conference on Artificial Intelligence and Big Data, ICAIBD 2020},
    author = {Niu, Tianyuan and Hou, Yuexian},
    pages = {46--50},
    isbn = {9781728197418},
    doi = {10.1109/ICAIBD49809.2020.9137448},
    keywords = {CTR prediction, convolution neural network, density matrix}
}

@article{Park2022DetMatch:Detection,
    title = {{DetMatch: Two Teachers are Better Than One for Joint 2D and 3D Semi-Supervised Object Detection}},
    year = {2022},
    author = {Park, Jinhyung and Xu, Chenfeng and Zhou, Yiyang and Tomizuka, Masayoshi and Zhan, Wei},
    month = {3},
    url = {https://arxiv.org/abs/2203.09510v1},
    doi = {10.48550/arxiv.2203.09510},
    arxivId = {2203.09510}
}

@article{Kazi2020DifferentiableNetworks,
    title = {{Differentiable Graph Module (DGM) for Graph Convolutional Networks}},
    year = {2020},
    author = {Kazi, Anees and Cosmo, Luca and Navab, Nassir and Bronstein, Michael},
    month = {2},
    url = {https://arxiv.org/abs/2002.04999v3},
    issn = {2331-8422},
    arxivId = {2002.04999}
}

@article{Bauer2017DiscriminativeModels,
    title = {{Discriminative k-shot learning using probabilistic models}},
    year = {2017},
    author = {Bauer, Matthias and Rojas-Carulla, Mateo and {\'{S}}wi{\c{a}}tkowski, Jakub Bartłomiej and Sch{\"{o}}lkopf, Bernhard and Turner, Richard E.},
    pages = {1--29},
    url = {http://arxiv.org/abs/1706.00326},
    arxivId = {1706.00326}
}

@article{Cheng2022DisentangledClassification,
    title = {{Disentangled Feature Representation for Few-shot Image Classification}},
    year = {2022},
    author = {Cheng, Hao and Wang, Yufei and Li, Haoliang and Kot, Alex C and Wen, Bihan},
    url = {www.aaai.org},
    arxivId = {2109.12548v1}
}

@misc{Zhou2020DistilledLearning,
    title = {{Distilled one-shot federated learning}},
    year = {2020},
    booktitle = {arXiv},
    author = {Zhou, Yanlin and Pu, George and Ma, Xiyao and Li, Xiaolin and Wu, Dapeng},
    issn = {23318422},
    arxivId = {2009.07999}
}

@article{Tan2020DivergentClassification,
    title = {{Divergent Search for Few-Shot Image Classification}},
    year = {2020},
    author = {Tan, Jeremy and Kainz, Bernhard},
    url = {https://doi.org/10.1145/nnnnnnn.nnnnnnn},
    doi = {10.1145/nnnnnnn.nnnnnnn},
    arxivId = {2004.07903v1},
    keywords = {divergent search, meta-learning, unsupervised}
}

@article{Qin2020DiversityAugmentation,
    title = {{Diversity Helps: Unsupervised Few-shot Learning via Distribution Shift-based Data Augmentation}},
    year = {2020},
    author = {Qin, Tiexin and Li, Wenbin and Shi, Yinghuan and Gao, Yang},
    url = {https://github.com/WonderSeven/ULDA. http://arxiv.org/abs/2004.05805},
    arxivId = {2004.05805}
}

@inproceedings{Tian2021DivideData,
    title = {{Divide and Contrast: Self-supervised Learning from Uncurated Data}},
    year = {2021},
    booktitle = {2021 IEEE/CVF International Conference on Computer Vision (ICCV)},
    author = {Tian, Yonglong and Henaff, Olivier J. and Van Den Oord, Aaron},
    month = {10},
    pages = {10043--10054},
    publisher = {IEEE},
    url = {http://arxiv.org/abs/2105.08054 https://ieeexplore.ieee.org/document/9710301/},
    isbn = {978-1-6654-2812-5},
    doi = {10.1109/ICCV48922.2021.00991},
    arxivId = {2105.08054}
}

@article{Ericsson2020DontWeights,
    title = {{Don't Wait, Just Weight: Improving Unsupervised Representations by Learning Goal-Driven Instance Weights}},
    year = {2020},
    author = {Ericsson, Linus and Gouk, Henry and Hospedales, Timothy M.},
    month = {6},
    url = {https://arxiv.org/abs/2006.12360v1 http://arxiv.org/abs/2006.12360},
    arxivId = {2006.12360}
}

@misc{Yang2020DPGN:Learning,
    title = {{DPGN: Distribution Propagation Graph Network for Few-Shot Learning}},
    year = {2020},
    author = {Yang, Ling and Li, Liangliang and Zhang, Zilun and Zhou, Xinyu and Zhou, Erjin and Liu, Yu},
    pages = {13390--13399}
}

@article{Yang2020DPGN:Learningb,
    title = {{DPGN: Distribution propagation graph network for few-shot learning}},
    year = {2020},
    journal = {Proceedings of the IEEE Computer Society Conference on Computer Vision and Pattern Recognition},
    author = {Yang, Ling and Li, Liangliang and Zhang, Zilun and Zhou, Xinyu and Zhou, Erjin and Liu, Yu},
    pages = {13387--13396},
    doi = {10.1109/CVPR42600.2020.01340},
    issn = {10636919},
    arxivId = {2003.14247}
}

@article{Yang2020DPGN:Learningc,
    title = {{DPGN: Distribution Propagation Graph Network for Few-shot Learning}},
    year = {2020},
    journal = {Proceedings of the IEEE Computer Society Conference on Computer Vision and Pattern Recognition},
    author = {Yang, Ling and Li, Liangliang and Zhang, Zilun and Zhou, Xinyu and Zhou, Erjin and Liu, Yu},
    month = {3},
    pages = {13387--13396},
    publisher = {IEEE Computer Society},
    url = {https://arxiv.org/abs/2003.14247v2},
    doi = {10.48550/arxiv.2003.14247},
    issn = {10636919},
    arxivId = {2003.14247}
}

@article{Papp2021DropGNN:Networks,
    title = {{DropGNN: Random Dropouts Increase the Expressiveness of Graph Neural Networks}},
    year = {2021},
    author = {Papp, Pál András and Martinkus, Karolis and Faber, Lukas and Wattenhofer, Roger},
    month = {11},
    url = {http://arxiv.org/abs/2111.06283},
    arxivId = {2111.06283}
}

@article{Islam2021DynamicData,
    title = {{Dynamic Distillation Network for Cross-Domain Few-Shot Recognition with Unlabeled Data}},
    year = {2021},
    author = {Islam, Ashraful and Chen, Chun-Fu and Panda, Rameswar and Karlinsky, Leonid and Feris, Rogerio and Radke, Richard J.},
    number = {NeurIPS},
    month = {6},
    url = {http://arxiv.org/abs/2106.07807},
    arxivId = {2106.07807}
}

@article{IslamDynamicData,
    title = {{Dynamic Distillation Network for Cross-Domain Few-Shot Recognition with Unlabeled Data}},
    author = {Islam, Ashraful and Chen, Chun-Fu and Panda, Rameswar and Karlinsky, Leonid and Feris, Rogerio and Radke, Richard J},
    url = {https://git.io/Jilgs.}
}

@article{Wang2018DynamicClouds,
    title = {{Dynamic Graph CNN for Learning on Point Clouds}},
    year = {2018},
    journal = {ACM Transactions on Graphics},
    author = {Wang, Yue and Sun, Yongbin and Liu, Ziwei and Sarma, Sanjay E. and Bronstein, Michael M. and Solomon, Justin M.},
    number = {5},
    month = {1},
    pages = {13},
    volume = {38},
    publisher = {Association for Computing Machinery},
    url = {https://arxiv.org/abs/1801.07829v2},
    doi = {10.48550/arxiv.1801.07829},
    issn = {15577368},
    arxivId = {1801.07829},
    keywords = {Classification, Point cloud, Segmentation, Shape analysis}
}

@article{Wang2018DynamicCloudsb,
    title = {{Dynamic Graph CNN for Learning on Point Clouds}},
    year = {2018},
    journal = {ACM Transactions on Graphics},
    author = {Wang, Yue and Sun, Yongbin and Liu, Ziwei and Sarma, Sanjay E. and Bronstein, Michael M. and Solomon, Justin M.},
    number = {5},
    month = {1},
    pages = {13},
    volume = {38},
    publisher = {Association for Computing Machinery},
    url = {https://arxiv.org/abs/1801.07829v2},
    doi = {10.48550/arxiv.1801.07829},
    issn = {15577368},
    arxivId = {1801.07829},
    keywords = {Classification, Point cloud, Segmentation, Shape analysis}
}

@article{ZhuEASE:Learning,
    title = {{EASE: Unsupervised Discriminant Subspace Learning for Transductive Few-Shot Learning}},
    author = {Zhu, Hao and Koniusz, Piotr}
}

@article{LeeEdgeConvEstimation,
    title = {{EdgeConv with Attention Module for Monocular Depth Estimation}},
    author = {Lee, Minhyeok and Hwang, Sangwon and Park, Chaewon and Lee, Sangyoun}
}

@article{Li2021EfficientLearning,
    title = {{Efficient Self-supervised Vision Transformers for Representation Learning}},
    year = {2021},
    author = {Li, Chunyuan and Yang, Jianwei and Zhang, Pengchuan and Gao, Mei and Xiao, Bin and Dai, Xiyang and Yuan, Lu and Gao, Jianfeng},
    month = {6},
    url = {https://arxiv.org/abs/2106.09785v1 http://arxiv.org/abs/2106.09785},
    arxivId = {2106.09785}
}

@article{Rodriguez2020EmbeddingClassification,
    title = {{Embedding Propagation: Smoother Manifold for Few-Shot Classification}},
    year = {2020},
    journal = {Lecture Notes in Computer Science (including subseries Lecture Notes in Artificial Intelligence and Lecture Notes in Bioinformatics)},
    author = {Rodr{\'{i}}guez, Pau and Laradji, Issam and Drouin, Alexandre and Lacoste, Alexandre},
    pages = {121--138},
    volume = {12371 LNCS},
    isbn = {9783030585730},
    doi = {10.1007/978-3-030-58574-7{\_}8},
    issn = {16113349},
    arxivId = {2003.04151},
    keywords = {Classification, Few-shot, Metalearning, Semi-supervised learning}
}

@inproceedings{Rodriguez2020EmbeddingClassificationb,
    title = {{Embedding Propagation: Smoother Manifold for Few-Shot Classification}},
    year = {2020},
    booktitle = {Lecture Notes in Computer Science (including subseries Lecture Notes in Artificial Intelligence and Lecture Notes in Bioinformatics)},
    author = {Rodr{\'{i}}guez, Pau and Laradji, Issam and Drouin, Alexandre and Lacoste, Alexandre},
    pages = {121--138},
    volume = {12371 LNCS},
    url = {https://github.com/ElementAI/embedding-propagation.},
    isbn = {9783030585730},
    doi = {10.1007/978-3-030-58574-7{\_}8},
    issn = {16113349},
    arxivId = {2003.04151},
    keywords = {Classification, Few-shot, Metalearning, Semi-supervised learning}
}

@article{RodriguezEmbeddingClassification,
    title = {{Embedding Propagation: Smoother Manifold for Few-Shot Classification}},
    author = {Rodr{\'{i}}guez, Pau and Laradji, Issam and Drouin, Alexandre and Lacoste, Alexandre},
    url = {https://github.com/ElementAI/embedding-propagation.},
    arxivId = {2003.04151v2}
}

@article{Rodriguez2020EmbeddingClassificationc,
    title = {{Embedding Propagation: Smoother Manifold for Few-Shot Classification}},
    year = {2020},
    journal = {Lecture Notes in Computer Science (including subseries Lecture Notes in Artificial Intelligence and Lecture Notes in Bioinformatics)},
    author = {Rodr{\'{i}}guez, Pau and Laradji, Issam and Drouin, Alexandre and Lacoste, Alexandre},
    month = {3},
    pages = {121--138},
    volume = {12371 LNCS},
    publisher = {Springer Science and Business Media Deutschland GmbH},
    url = {https://arxiv.org/abs/2003.04151v2},
    isbn = {9783030585730},
    doi = {10.1007/978-3-030-58574-7{\_}8},
    issn = {16113349},
    arxivId = {2003.04151},
    keywords = {Classification, Few-shot, Metalearning, Semi-supervised learning}
}

@article{Caron2021EmergingTransformers,
    title = {{Emerging Properties in Self-Supervised Vision Transformers}},
    year = {2021},
    author = {Caron, Mathilde and Touvron, Hugo and Misra, Ishan and J{\'{e}}gou, Hervé and Mairal, Julien and Bojanowski, Piotr and Joulin, Armand},
    month = {4},
    pages = {1--21},
    url = {https://hal.archives-ouvertes.fr/hal-03323359 http://arxiv.org/abs/2104.14294 https://arxiv.org/abs/2104.14294v2},
    doi = {10.1109/iccv48922.2021.00951},
    arxivId = {2104.14294}
}

@article{Caron2021EmergingTransformersb,
    title = {{Emerging Properties in Self-Supervised Vision Transformers}},
    year = {2021},
    author = {Caron, Mathilde and Touvron, Hugo and Misra, Ishan and J{\'{e}}gou, Hervé and Mairal, Julien and Bojanowski, Piotr and Joulin, Armand},
    month = {4},
    url = {https://arxiv.org/abs/2104.14294v2 http://arxiv.org/abs/2104.14294},
    doi = {10.1109/iccv48922.2021.00951},
    arxivId = {2104.14294}
}

@article{Hu2020EmpiricalGradients,
    title = {{Empirical Bayes Transductive Meta-Learning with Synthetic Gradients}},
    year = {2020},
    author = {Hu, Shell Xu and Moreno, Pablo G. and Xiao, Yang and Shen, Xi and Obozinski, Guillaume and Lawrence, Neil D. and Damianou, Andreas},
    number = {2016},
    pages = {1--16},
    volume = {2},
    url = {http://arxiv.org/abs/2004.12696},
    issn = {2331-8422},
    arxivId = {2004.12696}
}

@article{BateniEnhancingExamples,
    title = {{Enhancing Few-Shot Image Classification with Unlabelled Examples}},
    journal = {Northeastern University},
    author = {Bateni, Peyman and Barber, Jarred and Van De Meent, Jan-Willem and Wood, Frank},
    number = {2},
    volume = {3},
    arxivId = {2006.12245v4}
}

@techreport{BateniEnhancingExamplesb,
    title = {{Enhancing Few-Shot Image Classification with Unlabelled Examples}},
    booktitle = {Northeastern University},
    author = {Bateni, Peyman and Barber, Jarred and Van De Meent, Jan-Willem and Wood, Frank},
    number = {2},
    volume = {3},
    arxivId = {2006.12245v4}
}

@article{Bateni2020EnhancingExamples,
    title = {{Enhancing Few-Shot Image Classification with Unlabelled Examples}},
    year = {2020},
    author = {Bateni, Peyman and Barber, Jarred and van de Meent, Jan-Willem and Wood, Frank},
    month = {6},
    url = {http://arxiv.org/abs/2006.12245},
    arxivId = {2006.12245}
}

@article{Stark2022EquiBind:Prediction,
    title = {{EquiBind: Geometric Deep Learning for Drug Binding Structure Prediction}},
    year = {2022},
    author = {St{\"{a}}rk, Hannes and Ganea, Octavian-Eugen and Pattanaik, Lagnajit and Barzilay, Regina and Jaakkola, Tommi},
    month = {2},
    url = {http://arxiv.org/abs/2202.05146},
    arxivId = {2202.05146}
}

@article{Bartunov2022EquilibriumOptimization,
    title = {{Equilibrium Aggregation: Encoding Sets via Optimization}},
    year = {2022},
    author = {Bartunov, Sergey and Fuchs, Fabian B and Lillicrap, Timothy P},
    month = {2},
    url = {https://arxiv.org/abs/2202.12795v1},
    doi = {10.48550/arxiv.2202.12795},
    arxivId = {2202.12795}
}

@article{Rizve2021ExploringLearning,
    title = {{Exploring Complementary Strengths of Invariant and Equivariant Representations for Few-Shot Learning}},
    year = {2021},
    journal = {Proceedings of the IEEE Computer Society Conference on Computer Vision and Pattern Recognition},
    author = {Rizve, Mamshad Nayeem and Khan, Salman and Khan, Fahad Shahbaz and Shah, Mubarak},
    pages = {10831--10841},
    isbn = {9781665445092},
    doi = {10.1109/CVPR46437.2021.01069},
    issn = {10636919},
    arxivId = {2103.01315}
}

@inproceedings{Rizve2021ExploringLearningb,
    title = {{Exploring Complementary Strengths of Invariant and Equivariant Representations for Few-Shot Learning}},
    year = {2021},
    booktitle = {Proceedings of the IEEE Computer Society Conference on Computer Vision and Pattern Recognition},
    author = {Rizve, Mamshad Nayeem and Khan, Shahbaz Salman and Khan, Fahad Shahbaz and Shah, Mubarak and Fahad, ‡ and Khan, Shahbaz Salman},
    month = {3},
    pages = {10831--10841},
    publisher = {IEEE},
    url = {https://ieeexplore.ieee.org/document/9578111/ http://arxiv.org/abs/2103.01315},
    isbn = {978-1-6654-4509-2},
    doi = {10.1109/CVPR46437.2021.01069},
    issn = {10636919},
    arxivId = {2103.01315}
}

@article{RizveExploringLearning,
    title = {{Exploring Complementary Strengths of Invariant and Equivariant Representations for Few-Shot Learning}},
    author = {Rizve, Mamshad Nayeem and Khan, Salman and Fahad, ‡ and Khan, Shahbaz}
}

@article{Bartunov2019FastNetworks,
    title = {{Fast adaptation in generative models with generative matching networks}},
    year = {2019},
    journal = {5th International Conference on Learning Representations, ICLR 2017 - Workshop Track Proceedings},
    author = {Bartunov, Sergey and Vetrov, Dmitry P.},
    pages = {1--16},
    arxivId = {1612.02192}
}

@article{Requeima2019FastProcesses,
    title = {{Fast and flexible multi-task classification using conditional neural adaptive processes}},
    year = {2019},
    journal = {Advances in Neural Information Processing Systems},
    author = {Requeima, James and Gordon, Jonathan and Bronskill, John and Nowozin, Sebastian and Turner, Richard E.},
    number = {i},
    volume = {32},
    doi = {10.17863/CAM.47574},
    issn = {10495258},
    arxivId = {1906.07697}
}

@techreport{MadanFASTMECHANISMS,
    title = {{FAST AND SLOW LEARNING OF RECURRENT INDEPEN-DENT MECHANISMS}},
    author = {Madan, Kanika and Ke, Rosemary Nan and Goyal, Anirudh and Sch{\"{o}}lkopf, Bernhard and Bengio, Yoshua},
    arxivId = {2105.08710v2}
}

@article{Madan2021FastMechanisms,
    title = {{Fast and Slow Learning of Recurrent Independent Mechanisms}},
    year = {2021},
    author = {Madan, Kanika and Ke, Nan Rosemary and Goyal, Anirudh and Sch{\"{o}}lkopf, Bernhard and Bengio, Yoshua},
    month = {5},
    url = {https://arxiv.org/abs/2105.08710v2},
    doi = {10.48550/arxiv.2105.08710},
    arxivId = {2105.08710}
}

@inproceedings{Blondel2020FastRanking,
    title = {{Fast differentiable sorting and ranking}},
    year = {2020},
    booktitle = {37th International Conference on Machine Learning, ICML 2020},
    author = {Blondel, Mathieu and Teboul, Olivier and Berthet, Quentin and Djolonga, Josip},
    month = {2},
    pages = {927--936},
    volume = {PartF16814},
    publisher = {International Machine Learning Society (IMLS)},
    url = {https://arxiv.org/abs/2002.08871v2},
    isbn = {9781713821120},
    arxivId = {2002.08871}
}

@misc{Sun2020FederatedPrivacy,
    title = {{Federated model distillation with noise-free differential privacy}},
    year = {2020},
    booktitle = {arXiv},
    author = {Sun, Lichao and Lyu, Lingjuan},
    issn = {23318422},
    arxivId = {2009.05537}
}

@article{Bharti2020FewLabels,
    title = {{Few Shot Learning With No Labels}},
    year = {2020},
    author = {Bharti, Aditya and Vineeth, N. B. and Jawahar, C. V.},
    month = {12},
    url = {https://arxiv.org/abs/2012.13751v1},
    arxivId = {2012.13751}
}

@article{Wertheimer2020Few-ShotNetworks,
    title = {{Few-Shot Classification with Feature Map Reconstruction Networks}},
    year = {2020},
    author = {Wertheimer, Davis and Tang, Luming and Hariharan, Bharath},
    pages = {1--18},
    url = {http://arxiv.org/abs/2012.01506},
    arxivId = {2012.01506}
}

@inproceedings{Wertheimer2021Few-ShotNetworks,
    title = {{Few-Shot Classification with Feature Map Reconstruction Networks}},
    year = {2021},
    booktitle = {Proceedings of the IEEE Computer Society Conference on Computer Vision and Pattern Recognition},
    author = {Wertheimer, Davis and Tang, Luming and Hariharan, Bharath},
    pages = {8008--8017},
    url = {https://github.com/Tsingularity/FRN},
    isbn = {9781665445092},
    doi = {10.1109/CVPR46437.2021.00792},
    issn = {10636919},
    arxivId = {2012.01506}
}

@inproceedings{Wertheimer2021Few-ShotNetworksb,
    title = {{Few-Shot Classification with Feature Map Reconstruction Networks}},
    year = {2021},
    booktitle = {Proceedings of the IEEE Computer Society Conference on Computer Vision and Pattern Recognition},
    author = {Wertheimer, Davis and Tang, Luming and Hariharan, Bharath},
    pages = {8008--8017},
    url = {https://github.com/Tsingularity/FRN},
    isbn = {9781665445092},
    doi = {10.1109/CVPR46437.2021.00792},
    issn = {10636919},
    arxivId = {2012.01506}
}

@article{WertheimerFew-ShotNetworks,
    title = {{Few-Shot Classification with Feature Map Reconstruction Networks}},
    author = {Wertheimer, Davis and Tang, Luming and Hariharan, Bharath},
    url = {https://github.com/Tsingularity/FRN}
}

@article{Guo2021Few-ShotPrediction,
    title = {{Few-Shot Graph Learning for Molecular Property Prediction}},
    year = {2021},
    journal = {The Web Conference 2021 - Proceedings of the World Wide Web Conference, WWW 2021},
    author = {Guo, Zhichun and Zhang, Chuxu and Yu, Wenhao and Herr, John and Wiest, Olaf and Jiang, Meng and Chawla, Nitesh V.},
    month = {2},
    pages = {2559--2567},
    publisher = {Association for Computing Machinery, Inc},
    url = {http://arxiv.org/abs/2102.07916 http://dx.doi.org/10.1145/3442381.3450112},
    doi = {10.1145/3442381.3450112},
    arxivId = {2102.07916v1},
    keywords = {Few-Shot Learning, Graph Learning, Molecular Property Prediction}
}

@inproceedings{Guo2021Few-shotPredictionb,
    title = {{Few-shot graph learning for molecular property prediction}},
    year = {2021},
    booktitle = {The Web Conference 2021 - Proceedings of the World Wide Web Conference, WWW 2021},
    author = {Guo, Zhichun and Zhang, Chuxu and Yu, Wenhao and Herr, John and Wiest, Olaf and Jiang, Meng and Chawla, Nitesh V.},
    month = {4},
    pages = {2559--2567},
    publisher = {Association for Computing Machinery, Inc},
    isbn = {9781450383127},
    doi = {10.1145/3442381.3450112},
    arxivId = {2102.07916},
    keywords = {Few-Shot Learning, Graph Learning, Molecular Property Prediction}
}

@techreport{LiFew-ShotLearning,
    title = {{Few-Shot Image Classification via Contrastive Self-Supervised Learning}},
    author = {Li, Jianyi and Liu, Guizhong},
    arxivId = {2008.09942v1},
    keywords = {Index Terms-few shot learning, contrastive self-supervised learning}
}

@inproceedings{Zhang2021Few-shotClassifiers,
    title = {{Few-shot incremental learning with continually evolved classifiers}},
    year = {2021},
    booktitle = {Proceedings of the IEEE Computer Society Conference on Computer Vision and Pattern Recognition},
    author = {Zhang, Chi and Song, Nan and Lin, Guosheng and Zheng, Yun and Pan, Pan and Xu, Yinghui},
    pages = {12450--12459},
    isbn = {9781665445092},
    doi = {10.1109/CVPR46437.2021.01227},
    issn = {10636919},
    arxivId = {2104.03047}
}

@techreport{YeFew-ShotFunctions,
    title = {{Few-Shot Learning via Embedding Adaptation with Set-to-Set Functions}},
    author = {Ye, Han-Jia and Zhan, De-Chuan and Sha, Fei}
}

@article{Ye2020Few-shotFunctions,
    title = {{Few-shot learning via embedding adaptation with set-to-set functions}},
    year = {2020},
    journal = {Proceedings of the IEEE Computer Society Conference on Computer Vision and Pattern Recognition},
    author = {Ye, Han Jia and Hu, Hexiang and Zhan, De Chuan and Sha, Fei},
    pages = {8805--8814},
    doi = {10.1109/CVPR42600.2020.00883},
    issn = {10636919},
    arxivId = {1812.03664}
}

@article{Luo2021Few-ShotInference,
    title = {{Few-Shot Learning via Feature Hallucination with Variational Inference}},
    year = {2021},
    journal = {Wacv},
    author = {Luo, Qinxuan},
    number = {3963},
    pages = {3963--3972}
}

@article{Du2020Few-ShotProvably,
    title = {{Few-Shot Learning via Learning the Representation, Provably}},
    year = {2020},
    author = {Du, Simon S. and Hu, Wei and Kakade, Sham M. and Lee, Jason D. and Lei, Qi},
    month = {2},
    url = {http://arxiv.org/abs/2002.09434},
    arxivId = {2002.09434v2}
}

@article{Li2019Few-shotRepresentations,
    title = {{Few-shot learning with global class representations}},
    year = {2019},
    journal = {Proceedings of the IEEE International Conference on Computer Vision},
    author = {Li, Aoxue and Luo, Tiange and Xiang, Tao and Huang, Weiran and Wang, Liwei},
    pages = {9714--9723},
    volume = {2019-Octob},
    isbn = {9781728148038},
    doi = {10.1109/ICCV.2019.00981},
    issn = {15505499},
    arxivId = {1908.05257}
}

@article{GarciaFEW-SHOTNET-WORKS,
    title = {{FEW-SHOT LEARNING WITH GRAPH NEURAL NET-WORKS}},
    author = {Garcia, Victor and Bruna, Joan},
    arxivId = {1711.04043v3}
}

@article{ZhangFew-shotSelf-supervision,
    title = {{Few-shot Learning with Multi-scale Self-supervision}},
    author = {Zhang, Hongguang and Torr, Philip H S and Koniusz, Piotr},
    arxivId = {2001.01600v1}
}

@inproceedings{Jeong2021Few-shotConsistency,
    title = {{Few-shot Open-set Recognition by Transformation Consistency}},
    year = {2021},
    booktitle = {Proceedings of the IEEE Computer Society Conference on Computer Vision and Pattern Recognition},
    author = {Jeong, Minki and Choi, Seokeon and Kim, Changick},
    pages = {12561--12570},
    isbn = {9781665445092},
    doi = {10.1109/CVPR46437.2021.01238},
    issn = {10636919},
    arxivId = {2103.01537}
}

@article{Bertugli2020Few-ShotMeta-Examples,
    title = {{Few-Shot Unsupervised Continual Learning through Meta-Examples}},
    year = {2020},
    author = {Bertugli, Alessia and Vincenzi, Stefano and Calderara, Simone and Passerini, Andrea},
    url = {https://github.com/alessiabertugli/FUSION-ME http://arxiv.org/abs/2009.08107},
    arxivId = {2009.08107}
}

@article{Bukchin2020Fine-grainedLabels,
    title = {{Fine-grained Angular Contrastive Learning with Coarse Labels}},
    year = {2020},
    journal = {2021 IEEE/CVF Conference on Computer Vision and Pattern Recognition (CVPR)},
    author = {Bukchin, Guy and Schwartz, Eli and Saenko, Kate and Shahar, Ori and Feris, Rogerio and Giryes, Raja and Karlinsky, Leonid},
    month = {12},
    pages = {8726--8736},
    publisher = {IEEE},
    url = {https://ieeexplore.ieee.org/document/9577498/ http://arxiv.org/abs/2012.03515},
    isbn = {978-1-6654-4509-2},
    doi = {10.1109/CVPR46437.2021.00862},
    issn = {10636919},
    arxivId = {2012.03515}
}

@techreport{SohnFixMatch:Confidence,
    title = {{FixMatch: Simplifying Semi-Supervised Learning with Consistency and Confidence}},
    author = {Sohn, Kihyuk and Berthelot, David and Li, Chun-Liang and Zhang, Zizhao and Carlini, Nicholas and Cubuk, Ekin D and Kurakin, Alex and Zhang, Han and Raffel, Colin},
    url = {https://github.com/google-research/fixmatch.}
}

@article{Sohn2020FixMatch:Confidence,
    title = {{FixMatch: Simplifying semi-supervised learning with consistency and confidence}},
    year = {2020},
    journal = {Advances in Neural Information Processing Systems},
    author = {Sohn, Kihyuk and Berthelot, David and Li, Chun Liang and Zhang, Zizhao and Carlini, Nicholas and Cubuk, Ekin D. and Kurakin, Alex and Zhang, Han and Raffel, Colin},
    volume = {2020-December},
    publisher = {Neural information processing systems foundation},
    url = {https://sites.google.com/view/chiawen-kuo/home/featmatch},
    issn = {10495258},
    arxivId = {2001.07685}
}

@article{Yang2021FreeCalibration,
    title = {{Free Lunch for Few-shot Learning: Distribution Calibration}},
    year = {2021},
    author = {Yang, Shuo and Liu, Lu and Xu, Min},
    url = {https://github.com/ShuoYang-1998/Few_ http://arxiv.org/abs/2101.06395},
    arxivId = {2101.06395}
}

@article{FROMLEARNING,
    title = {{FROM GRAPH LOCAL EMBEDDING TO DEEP METRIC LEARNING}}
}

@techreport{StanleyFS-Mol:Molecules,
    title = {{FS-Mol: A Few-Shot Learning Dataset of Molecules}},
    author = {Stanley, Megan and Bronskill, John and Maziarz, Krzysztof and Misztela, Hubert and Lanini, Jessica and Segler, Marwin and Schneider, Nadine and Brockschmidt, Marc},
    url = {https://github.com/microsoft/FS-Mol/}
}

@inproceedings{Sun2021FSCE:Encoding,
    title = {{FSCE: Few-Shot Object Detection via Contrastive Proposal Encoding}},
    year = {2021},
    booktitle = {Proceedings of the IEEE Computer Society Conference on Computer Vision and Pattern Recognition},
    author = {Sun, Bo and Li, Banghuai and Cai, Shengcai and Yuan, Ye and Zhang, Chi},
    pages = {7348--7358},
    url = {https://github.com/},
    isbn = {9781665445092},
    doi = {10.1109/CVPR46437.2021.00727},
    issn = {10636919},
    arxivId = {2103.05950}
}

@article{Zhang2019FSPool:Pooling,
    title = {{FSPool: Learning Set Representations with Featurewise Sort Pooling}},
    year = {2019},
    author = {Zhang, Yan and Hare, Jonathon and Pr{\"{u}}gel-Bennett, Adam},
    month = {6},
    url = {https://arxiv.org/abs/1906.02795v4},
    arxivId = {1906.02795}
}

@article{Bertugli2021GeneralisingWild,
    title = {{Generalising via Meta-Examples for Continual Learning in the Wild}},
    year = {2021},
    author = {Bertugli, Alessia and Vincenzi, Stefano and Calderara, Simone and Passerini, Andrea},
    url = {http://arxiv.org/abs/2101.12081},
    arxivId = {2101.12081}
}

@article{Roig2021GeneralizedLearning,
    title = {{Generalized Local Attention Pooling for Deep Metric Learning}},
    year = {2021},
    author = {Roig, Carlos and Varas, David and Masuda, Issey and Riveiro, Juan Carlos and Bou-balust, Elisenda},
    pages = {9951--9958},
    isbn = {9781728188089}
}

@article{Schonfeld2019GeneralizedAutoencoders,
    title = {{Generalized zero-and few-shot learning via aligned variational autoencoders}},
    year = {2019},
    journal = {Proceedings of the IEEE Computer Society Conference on Computer Vision and Pattern Recognition},
    author = {Schonfeld, Edgar and Ebrahimi, Sayna and Sinha, Samarth and Darrell, Trevor and Akata, Zeynep},
    number = {Mmd},
    pages = {8239--8247},
    volume = {2019-June},
    isbn = {9781728132938},
    doi = {10.1109/CVPR.2019.00844},
    issn = {10636919},
    arxivId = {1812.01784},
    keywords = {Deep Learning, Representation Learning}
}

@article{SchonfeldGeneralizedAutoencoders,
    title = {{Generalized Zero-and Few-Shot Learning via Aligned Variational Autoencoders}},
    author = {Sch{\"{o}}nfeld, Edgar and Ebrahimi, Sayna and Sinha, Samarth and Darrell, Trevor and Akata, Zeynep}
}

@article{Liu2022GeneratingBinding,
    title = {{Generating 3D Molecules for Target Protein Binding}},
    year = {2022},
    author = {Liu, Meng and Luo, Youzhi and Uchino, Kanji and Maruhashi, Koji and Ji, Shuiwang},
    month = {4},
    url = {http://arxiv.org/abs/2204.09410},
    arxivId = {2204.09410}
}

@article{Gidaris2019GeneratingLearning,
    title = {{Generating Classification Weights with GNN Denoising Autoencoders for Few-Shot Learning}},
    year = {2019},
    journal = {Proceedings of the IEEE Computer Society Conference on Computer Vision and Pattern Recognition},
    author = {Gidaris, Spyros and Komodakis, Nikos},
    month = {5},
    pages = {21--30},
    volume = {2019-June},
    publisher = {IEEE Computer Society},
    url = {https://arxiv.org/abs/1905.01102v1},
    isbn = {9781728132938},
    doi = {10.1109/CVPR.2019.00011},
    issn = {10636919},
    arxivId = {1905.01102},
    keywords = {Categorization, Deep Learning, Recognition: Detection, Retrieval}
}

@article{Bronstein2021GeometricGauges,
    title = {{Geometric Deep Learning: Grids, Groups, Graphs, Geodesics, and Gauges}},
    year = {2021},
    author = {Bronstein, Michael M. and Bruna, Joan and Cohen, Taco and Veli{\v{c}}kovi{\'{c}}, Petar},
    url = {http://arxiv.org/abs/2104.13478},
    arxivId = {2104.13478}
}

@article{KhacefGPU-basedLearning,
    title = {{GPU-based Self-Organizing Maps for Post-Labeled Few-Shot Unsupervised Learning}},
    author = {Khacef, Lyes and Gripon, Vincent and Miramond, Benoˆıt Benoˆıt},
    arxivId = {2009.03665v1}
}

@article{WangGrad2Task:Representation,
    title = {{Grad2Task: Improved Few-shot Text Classification Using Gradients for Task Representation}},
    author = {Wang, Jixuan and Wang, Kuan-Chieh and Rudzicz, Frank and Brudno, Michael},
    url = {https://github.com/jixuan-wang/Grad2Task}
}

@article{Xu2021GraphSuper-resolution,
    title = {{Graph Convolutional Networks in Feature Space for Image Deblurring and Super-resolution}},
    year = {2021},
    journal = {Proceedings of the International Joint Conference on Neural Networks},
    author = {Xu, Boyan and Yin, Hujun},
    month = {5},
    volume = {2021-July},
    publisher = {Institute of Electrical and Electronics Engineers Inc.},
    url = {https://arxiv.org/abs/2105.10465v1},
    isbn = {9780738133669},
    doi = {10.1109/IJCNN52387.2021.9534213},
    arxivId = {2105.10465},
    keywords = {Graph convolution, convolutional neural networks, image deblurring, image restoration}
}

@article{Ding2020GraphNetworks,
    title = {{Graph Prototypical Networks for Few-shot Learning on Attributed Networks}},
    year = {2020},
    journal = {International Conference on Information and Knowledge Management, Proceedings},
    author = {Ding, Kaize and Wang, Jianling and Li, Jundong and Shu, Kai and Liu, Chenghao and Liu, Huan},
    month = {6},
    pages = {295--304},
    publisher = {Association for Computing Machinery},
    url = {https://arxiv.org/abs/2006.12739v3},
    isbn = {9781450368599},
    doi = {10.1145/3340531.3411922},
    arxivId = {2006.12739},
    keywords = {attributed networks, few-shot learning, graph neural networks}
}

@article{ZhaoGraph-basedRecognition,
    title = {{Graph-based High-Order Relation Discovery for Fine-grained Recognition}},
    author = {Zhao, Yifan and Yan, Ke and Huang, Feiyue and Li, Jia}
}

@techreport{HeGroupEdge,
    title = {{Group Knowledge Transfer: Federated Learning of Large CNNs at the Edge}},
    author = {He, Chaoyang and Annavaram, Murali and Avestimehr, Salman},
    url = {https://fedml.ai}
}

@article{Ding2020GuidedLearning,
    title = {{Guided variational autoencoder for disentanglement learning}},
    year = {2020},
    journal = {Proceedings of the IEEE Computer Society Conference on Computer Vision and Pattern Recognition},
    author = {Ding, Zheng and Xu, Yifan and Xu, Weijian and Parmar, Gaurav and Yang, Yang and Welling, Max and Tu, Zhuowen},
    pages = {7917--7926},
    doi = {10.1109/CVPR42600.2020.00794},
    issn = {10636919},
    arxivId = {2004.01255}
}

@article{McInnes2017Hdbscan:Clustering,
    title = {{hdbscan: Hierarchical density based clustering}},
    year = {2017},
    journal = {Journal of Open Source Software},
    author = {McInnes, Leland and Healy, John and Astels, Steve},
    number = {11},
    month = {3},
    pages = {205},
    volume = {2},
    publisher = {The Open Journal},
    url = {https://joss.theoj.org/papers/10.21105/joss.00205},
    doi = {10.21105/JOSS.00205},
    issn = {2475-9066}
}

@article{Dennis2021HeterogeneityClustering,
    title = {{Heterogeneity for the Win: One-Shot Federated Clustering}},
    year = {2021},
    author = {Dennis, Don Kurian and Li, Tian and Smith, Virginia},
    month = {2},
    url = {http://arxiv.org/abs/2103.00697},
    arxivId = {2103.00697}
}

@article{YinHierarchicalLearning,
    title = {{Hierarchical Graph Attention Network for Few-shot Visual-Semantic Learning}},
    author = {Yin, Chengxiang and Wu, Kun and Che, Zhengping and Jiang, Bo and Xu, Zhiyuan and Tang, Jian}
}

@article{Chen2021HierarchicalLearning,
    title = {{Hierarchical Graph Neural Networks for Few-Shot Learning}},
    year = {2021},
    journal = {IEEE Transactions on Circuits and Systems for Video Technology},
    author = {Chen, Cen and Li, Kenli and Wei, Wei and Zhou, Joey Tianyi and Zeng, Zeng},
    publisher = {Institute of Electrical and Electronics Engineers Inc.},
    doi = {10.1109/TCSVT.2021.3058098},
    issn = {15582205},
    keywords = {Cognition, Deep learning, Feature extraction, Few-shot learning, Graph neural networks, Hierarchical structure, Predictive models, Task analysis, Training}
}

@article{Lake2015Human-levelInduction,
    title = {{Human-level concept learning through probabilistic program induction}},
    year = {2015},
    journal = {Science},
    author = {Lake, Brenden M. and Salakhutdinov, Ruslan and Tenenbaum, Joshua B.},
    number = {6266},
    month = {12},
    pages = {1332--1338},
    volume = {350},
    publisher = {American Association for the Advancement of Science},
    url = {https://www.science.org},
    doi = {10.1126/SCIENCE.AAB3050/SUPPL{\_}FILE/LAKE-SM.PDF},
    issn = {10959203},
    pmid = {26659050}
}

@article{Lake2015Human-levelInductionb,
    title = {{Human-level concept learning through probabilistic program induction}},
    year = {2015},
    journal = {Science},
    author = {Lake, Brenden M. and Salakhutdinov, Ruslan and Tenenbaum, Joshua B.},
    number = {6266},
    month = {12},
    pages = {1332--1338},
    volume = {350},
    publisher = {American Association for the Advancement of Science},
    url = {https://www.science.org},
    doi = {10.1126/SCIENCE.AAB3050/SUPPL{\_}FILE/LAKE-SM.PDF},
    issn = {10959203},
    pmid = {26659050}
}

@article{Lake2015Human-levelInductionc,
    title = {{Human-level concept learning through probabilistic program induction}},
    year = {2015},
    journal = {Science},
    author = {Lake, Brenden M. and Salakhutdinov, Ruslan and Tenenbaum, Joshua B.},
    number = {6266},
    month = {12},
    pages = {1332--1338},
    volume = {350},
    publisher = {American Association for the Advancement of Science},
    url = {https://www.science.org},
    doi = {10.1126/SCIENCE.AAB3050},
    issn = {10959203},
    pmid = {26659050}
}

@article{Lake2015Human-levelInductiond,
    title = {{Human-level concept learning through probabilistic program induction}},
    year = {2015},
    journal = {Science},
    author = {Lake, Brenden M. and Salakhutdinov, Ruslan and Tenenbaum, Joshua B.},
    number = {6266},
    month = {12},
    pages = {1332--1338},
    volume = {350},
    publisher = {American Association for the Advancement of Science},
    doi = {10.1126/SCIENCE.AAB3050},
    issn = {10959203},
    pmid = {26659050}
}

@article{Lake2015Human-levelInductione,
    title = {{Human-level concept learning through probabilistic program induction}},
    year = {2015},
    journal = {Science},
    author = {Lake, Brenden M. and Salakhutdinov, Ruslan and Tenenbaum, Joshua B.},
    number = {6266},
    month = {12},
    pages = {1332--1338},
    volume = {350},
    publisher = {American Association for the Advancement of Science},
    url = {https://www.science.org},
    doi = {10.1126/science.aab3050},
    issn = {10959203},
    pmid = {26659050}
}

@article{Yu2021HybridLearning,
    title = {{Hybrid Graph Neural Networks for Few-Shot Learning}},
    year = {2021},
    author = {Yu, Tianyuan and He, Sen and Song, Yi-Zhe and Xiang, Tao},
    url = {https://github.com/TianyuanYu/HGNN. http://arxiv.org/abs/2112.06538},
    arxivId = {2112.06538}
}

@inproceedings{Chen2021IDetectors,
    title = {{I 3 Net: Implicit Instance-Invariant Network for Adapting One-Stage Object Detectors}},
    year = {2021},
    booktitle = {2021 IEEE/CVF Conference on Computer Vision and Pattern Recognition (CVPR)},
    author = {Chen, Chaoqi and Zheng, Zebiao and Huang, Yue and Ding, Xinghao and Yu, Yizhou},
    month = {6},
    pages = {12571--12580},
    publisher = {IEEE},
    url = {https://ieeexplore.ieee.org/document/9577383/},
    isbn = {978-1-6654-4509-2},
    doi = {10.1109/CVPR46437.2021.01239},
    issn = {10636919},
    arxivId = {2103.13757}
}

@article{Zhou2021IBOT:Tokenizer,
    title = {{iBOT: Image BERT Pre-Training with Online Tokenizer}},
    year = {2021},
    author = {Zhou, Jinghao and Wei, Chen and Wang, Huiyu and Shen, Wei and Xie, Cihang and Yuille, Alan and Kong, Tao},
    month = {11},
    url = {https://github.com/bytedance/ibot. http://arxiv.org/abs/2111.07832},
    arxivId = {2111.07832}
}

@misc{IEEEPDF:,
    title = {{IEEE Xplore Full-Text PDF:}},
    url = {https://ieeexplore-ieee-org.tudelft.idm.oclc.org/stamp/stamp.jsp?tp=&arnumber=9681205}
}

@article{Deng2010ImageNet:Database,
    title = {{ImageNet: A large-scale hierarchical image database}},
    year = {2010},
    author = {Deng, Jia and Dong, Wei and Socher, Richard and Li, Li-Jia and {Kai Li} and {Li Fei-Fei}},
    month = {3},
    pages = {248--255},
    publisher = {Institute of Electrical and Electronics Engineers (IEEE)},
    doi = {10.1109/CVPR.2009.5206848}
}

@techreport{BateniImprovedClassification,
    title = {{Improved Few-Shot Visual Classification}},
    author = {Bateni, Peyman and Goyal, Raghav and Masrani, Vaden and Wood, Frank and Sigal, Leonid},
    arxivId = {1912.03432v3}
}

@article{Bateni2019ImprovedClassification,
    title = {{Improved Few-Shot Visual Classification}},
    year = {2019},
    author = {Bateni, Peyman and Goyal, Raghav and Masrani, Vaden and Wood, Frank and Sigal, Leonid},
    month = {12},
    url = {http://arxiv.org/abs/1912.03432},
    arxivId = {1912.03432}
}

@article{Bateni2019ImprovedClassificationb,
    title = {{Improved Few-Shot Visual Classification}},
    year = {2019},
    author = {Bateni, Peyman and Goyal, Raghav and Masrani, Vaden and Wood, Frank and Sigal, Leonid},
    month = {12},
    url = {http://arxiv.org/abs/1912.03432},
    arxivId = {1912.03432}
}

@article{Simard2021ImprovingTasks,
    title = {{Improving Few-Shot Learning with Auxiliary Self-Supervised Pretext Tasks}},
    year = {2021},
    author = {Simard, Nathaniel and Lagrange, Guillaume},
    month = {1},
    url = {http://arxiv.org/abs/2101.09825},
    arxivId = {2101.09825}
}

@article{ChenINCREMENTALSPACE,
    title = {{INCREMENTAL FEW-SHOT LEARNING VIA VECTOR QUANTIZATION IN DEEP EMBEDDED SPACE}},
    author = {Chen, Kuilin and Lee, Chi-Guhn}
}

@article{Ji2022InformationLearning,
    title = {{Information Symmetry Matters: A Modal-Alternating Propagation Network for Few-Shot Learning}},
    year = {2022},
    journal = {IEEE Transactions on Image Processing},
    author = {Ji, Zhong and Hou, Zhishen and Liu, Xiyao and Pang, Yanwei and Han, Jungong},
    pages = {1520--1531},
    volume = {31},
    publisher = {Institute of Electrical and Electronics Engineers Inc.},
    doi = {10.1109/TIP.2022.3143005},
    issn = {19410042},
    pmid = {35050856},
    arxivId = {2109.01295},
    keywords = {Correlation, Learning systems, Semantics, Sun, Task analysis, Training, Visualization}
}

@misc{Baskin2019IsDiscovery,
    title = {{Is one-shot learning a viable option in drug discovery?}},
    year = {2019},
    booktitle = {Expert Opinion on Drug Discovery},
    author = {Baskin, Igor I.},
    number = {7},
    pages = {601--603},
    volume = {14},
    publisher = {Taylor and Francis Ltd},
    doi = {10.1080/17460441.2019.1593368},
    issn = {1746045X},
    pmid = {30882252},
    keywords = {Deep learning, Knowledge transfer, One-shot learning, Similarity search}
}

@article{LazarouIterativeLearning,
    title = {{Iterative label cleaning for transductive and semi-supervised few-shot learning}},
    author = {Lazarou, Michalis and Stathaki, Tania and Avrithis, Yannis}
}

@article{Murphy2018JanossyInputs,
    title = {{Janossy Pooling: Learning Deep Permutation-Invariant Functions for Variable-Size Inputs}},
    year = {2018},
    journal = {7th International Conference on Learning Representations, ICLR 2019},
    author = {Murphy, Ryan L. and Srinivasan, Balasubramaniam and Ribeiro, Bruno and Rao, Vinayak},
    month = {11},
    publisher = {International Conference on Learning Representations, ICLR},
    url = {https://arxiv.org/abs/1811.01900v3},
    arxivId = {1811.01900}
}

@article{Jin2018JunctionGeneration,
    title = {{Junction Tree Variational Autoencoder for Molecular Graph Generation}},
    year = {2018},
    author = {Jin, Wengong and Barzilay, Regina and Jaakkola, Tommi},
    month = {2},
    url = {http://arxiv.org/abs/1802.04364},
    arxivId = {1802.04364}
}

@article{NguyenKLADAPTATION,
    title = {{KL GUIDED DOMAIN ADAPTATION}},
    author = {Nguyen, A Tuan and Tran, Toan and Gal, Yarin and Torr, Philip H S}
}

@article{DaxbergerLaplaceLearning,
    title = {{Laplace Redux-Effortless Bayesian Deep Learning}},
    author = {Daxberger, Erik and Kristiadi, Agustinus and Immer, Alexander and Eschenhagen, Runa and Bauer, Matthias and Hennig, Philipp},
    url = {https://github.com/AlexImmer/Laplace}
}

@article{Jia2015LaplacianManifold,
    title = {{Laplacian Auto-Encoders: An explicit learning of nonlinear data manifold}},
    year = {2015},
    journal = {Neurocomputing},
    author = {Jia, Kui and Sun, Lin and Gao, Shenghua and Song, Zhan and Shi, Bertram E.},
    month = {7},
    pages = {250--260},
    volume = {160},
    publisher = {Elsevier},
    doi = {10.1016/J.NEUCOM.2015.02.023},
    issn = {0925-2312},
    keywords = {Auto-encoders, Deep learning, Image classification, Manifold learning}
}

@article{Ziko2020LaplacianLearning,
    title = {{Laplacian Regularized Few-Shot Learning}},
    year = {2020},
    journal = {37th International Conference on Machine Learning, ICML 2020},
    author = {Ziko, Imtiaz Masud and Dolz, Jose and Granger, Eric and Ayed, Ismail Ben},
    month = {6},
    pages = {11596--11606},
    volume = {PartF168147-15},
    publisher = {International Machine Learning Society (IMLS)},
    url = {https://arxiv.org/abs/2006.15486v3},
    isbn = {9781713821120},
    arxivId = {2006.15486}
}

@article{Zhang2021LearnLearning,
    title = {{Learn to abstract via concept graph for weakly-supervised few-shot learning}},
    year = {2021},
    journal = {Pattern Recognition},
    author = {Zhang, Baoquan and Leung, Ka Cheong and Li, Xutao and Ye, Yunming},
    pages = {107946},
    volume = {117},
    publisher = {Elsevier Ltd},
    url = {https://doi.org/10.1016/j.patcog.2021.107946},
    doi = {10.1016/j.patcog.2021.107946},
    issn = {00313203},
    keywords = {Concept graph, Few-shot learning, Meta-learning, Weakly-supervised learning}
}

@article{Liu2021LearningLearning,
    title = {{Learning a Few-shot Embedding Model with Contrastive Learning}},
    year = {2021},
    journal = {Proceedings of the AAAI Conference on Artificial Intelligence},
    author = {Liu, Chen and Fu, Yanwei and Xu, Chengming and Yang, Siqian and Li, Jilin and Wang, Chengjie and Zhang, Li},
    number = {10},
    pages = {8635--8643},
    volume = {35},
    url = {https://github.com/corwinliu9669/Learning-a-Few- https://ojs.aaai.org/index.php/AAAI/article/view/17047},
    issn = {2374-3468},
    keywords = {Representation Learning}
}

@article{Triantafillou2021LearningGeneralization,
    title = {{Learning a Universal Template for Few-shot Dataset Generalization}},
    year = {2021},
    author = {Triantafillou, Eleni and Larochelle, Hugo and Zemel, Richard and Dumoulin, Vincent},
    arxivId = {2105.07029v2}
}

@article{Dupont2018LearningRepresentations,
    title = {{Learning disentangled joint continuous and discrete representations}},
    year = {2018},
    journal = {Advances in Neural Information Processing Systems},
    author = {Dupont, Emilien},
    number = {2016},
    pages = {710--720},
    volume = {2018-Decem},
    issn = {10495258},
    arxivId = {1804.00104}
}

@techreport{LuLearningSurvey,
    title = {{Learning from Very Few Samples: A Survey}},
    author = {Lu, Jiang and Gong, Pinghua and Ye, Jieping and Zhang, Jianwei and Zhang, Changshui},
    arxivId = {2009.02653v2}
}

@article{Seidenschwarz2021LearningLearning,
    title = {{Learning Intra-Batch Connections for Deep Metric Learning}},
    year = {2021},
    author = {Seidenschwarz, Jenny and Elezi, Ismail and Leal-Taix{\'{e}}, Laura},
    month = {2},
    url = {https://arxiv.org/abs/2102.07753v3},
    doi = {10.48550/arxiv.2102.07753},
    arxivId = {2102.07753}
}

@techreport{SohnLearningModels,
    title = {{Learning Structured Output Representation using Deep Conditional Generative Models}},
    author = {Sohn, Kihyuk and Yan, Xinchen and Lee, Honglak}
}

@article{Sung2017LearningLearning,
    title = {{Learning to compare: Relation network for few-shot learning}},
    year = {2017},
    journal = {arXiv},
    author = {Sung, Flood and Yang, Yongxin and Zhang, Li and Xiang, Tao and Torr, Philip H.S. and Hospedales, Timothy M.},
    pages = {1199--1208},
    issn = {23318422}
}

@inproceedings{Zhao2021LearningRe-Identification,
    title = {{Learning to Generalize Unseen Domains via Memory-based Multi-Source Meta-Learning for Person Re-Identification}},
    year = {2021},
    booktitle = {Proceedings of the IEEE Computer Society Conference on Computer Vision and Pattern Recognition},
    author = {Zhao, Yuyang and Zhong, Zhun and Yang, Fengxiang and Luo, Zhiming and Lin, Yaojin and Li, Shaozi and Sebe, Nicu},
    pages = {6273--6282},
    isbn = {9781665445092},
    doi = {10.1109/CVPR46437.2021.00621},
    issn = {10636919},
    arxivId = {2012.00417}
}

@misc{Gui2021LearningSupervision,
    title = {{Learning To Hallucinate Examples From Extrinsic and Intrinsic Supervision}},
    year = {2021},
    author = {Gui, Liangke and Bardes, Adrien and Salakhutdinov, Ruslan and Hauptmann, Alexander and Hebert, Martial and Wang, Yu-Xiong},
    pages = {8701--8711}
}

@article{Liu2019LearningLearning,
    title = {{Learning to propagate labels: Transductive propagation network for few-shot learning}},
    year = {2019},
    journal = {7th International Conference on Learning Representations, ICLR 2019},
    author = {Liu, Yanbin and Lee, Juho and Park, Minseop and Kim, Saehoon and Yang, Eunho and Hwang, Sung Ju and Yang, Yi},
    pages = {1--14},
    arxivId = {1805.10002}
}

@article{LiuLEARNINGLEARNING,
    title = {{LEARNING TO PROPAGATE LABELS: TRANSDUCTIVE PROPAGATION NETWORK FOR FEW-SHOT LEARNING}},
    author = {Liu, Yanbin and Lee, Juho and Park, Minseop and Kim, Saehoon and Yang, Eunho and Hwang, Sung Ju and Yang, Yi}
}

@inproceedings{Ren2018LearningLearning,
    title = {{Learning to reweight examples for robust deep learning}},
    year = {2018},
    booktitle = {35th International Conference on Machine Learning, ICML 2018},
    author = {Ren, Mengye and Zeng, Wenyuan and Yang, Bin and Urtasun, Raquel},
    month = {3},
    pages = {6900--6909},
    volume = {10},
    publisher = {International Machine Learning Society (IMLS)},
    url = {https://arxiv.org/abs/1803.09050v3},
    isbn = {9781510867963},
    arxivId = {1803.09050}
}

@article{Hu2020LeveragingLearning,
    title = {{Leveraging the Feature Distribution in Transfer-based Few-Shot Learning}},
    year = {2020},
    author = {Hu, Yuqing and Gripon, Vincent and Pateux, Stéphane},
    url = {http://arxiv.org/abs/2006.03806},
    arxivId = {2006.03806}
}

@article{HuLeveragingLearning,
    title = {{Leveraging the Feature Distribution in Transfer-based Few-Shot Learning}},
    author = {Hu, Yuqing and Gripon, Vincent and Pateux, Stéphane},
    url = {https://github.com/yhu01/PT-MAP.},
    arxivId = {2006.03806v3}
}

@article{Altae-Tran2017LowLearning,
    title = {{Low Data Drug Discovery with One-Shot Learning}},
    year = {2017},
    journal = {ACS Central Science},
    author = {Altae-Tran, Han and Ramsundar, Bharath and Pappu, Aneesh S. and Pande, Vijay},
    number = {4},
    month = {4},
    pages = {283--293},
    volume = {3},
    publisher = {American Chemical Society},
    doi = {10.1021/acscentsci.6b00367},
    issn = {23747951},
    pmid = {28470045},
    arxivId = {1611.03199}
}

@article{Altae-Tran2017LowLearningb,
    title = {{Low Data Drug Discovery with One-Shot Learning}},
    year = {2017},
    journal = {ACS Central Science},
    author = {Altae-Tran, Han and Ramsundar, Bharath and Pappu, Aneesh S. and Pande, Vijay},
    number = {4},
    month = {4},
    pages = {283--293},
    volume = {3},
    publisher = {American Chemical Society},
    doi = {10.1021/acscentsci.6b00367},
    issn = {23747951},
    pmid = {28470045},
    arxivId = {1611.03199}
}

@article{DouzeLow-shotDiffusion,
    title = {{Low-shot learning with large-scale diffusion}},
    author = {Douze, Matthijs and Szlam, Arthur and Hariharan, Bharath and J{\'{e}}gou, Hervé and Facebook, † and Research, A I}
}

@article{Pappu2020MakingLearning,
    title = {{Making Graph Neural Networks Worth It for Low-Data Molecular Machine Learning}},
    year = {2020},
    author = {Pappu, Aneesh and Paige, Brooks},
    month = {11},
    url = {http://arxiv.org/abs/2011.12203},
    arxivId = {2011.12203}
}

@article{Verma2019ManifoldStates,
    title = {{Manifold mixup: Better representations by interpolating hidden states}},
    year = {2019},
    journal = {36th International Conference on Machine Learning, ICML 2019},
    author = {Verma, Vikas and Lamb, Alex and Beckham, Christopher and Najafi, Amir and Mitliagkas, Ioannis and Lopez-Paz, David and Bengio, Yoshua},
    pages = {11196--11205},
    volume = {2019-June},
    isbn = {9781510886988},
    arxivId = {1806.05236}
}

@article{Vinyals2016MatchingLearning,
    title = {{Matching networks for one shot learning}},
    year = {2016},
    journal = {Advances in Neural Information Processing Systems},
    author = {Vinyals, Oriol and Blundell, Charles and Lillicrap, Timothy and Kavukcuoglu, Koray and Wierstra, Daan},
    number = {Nips},
    pages = {3637--3645},
    issn = {10495258},
    arxivId = {1606.04080}
}

@article{Munkhdalai2017MetaNetworks,
    title = {{Meta networks}},
    year = {2017},
    journal = {34th International Conference on Machine Learning, ICML 2017},
    author = {Munkhdalai, Tsendsuren and Yu, Hong},
    pages = {3933--3943},
    volume = {5},
    isbn = {9781510855144},
    issn = {2640-3498},
    arxivId = {1703.00837}
}

@article{Triantafillou2020Meta-Dataset:Examples,
    title = {{Meta-Dataset: A Dataset of Datasets for Learning to Learn from Few Examples}},
    year = {2020},
    author = {Triantafillou, Eleni and Zhu, Tyler and Dumoulin, Vincent and Lamblin, Pascal and Evci, Utku and Xu, Kelvin and Goroshin, Ross and Gelada, Carles and Swersky, Kevin and Manzagol, Pierre-Antoine and Larochelle, Hugo},
    url = {http://arxiv.org/abs/1903.03096},
    arxivId = {1903.03096}
}

@article{Kye2020Meta-LearnedLearning,
    title = {{Meta-Learned Confidence for Few-shot Learning}},
    year = {2020},
    author = {Kye, Seong Min and Lee, Hae Beom and Kim, Hoirin and Hwang, Sung Ju},
    pages = {1--15},
    url = {http://arxiv.org/abs/2002.12017},
    arxivId = {2002.12017}
}

@article{Kye2020Meta-LearnedLearningb,
    title = {{Meta-Learned Confidence for Few-shot Learning}},
    year = {2020},
    author = {Kye, Seong Min and Lee, Hae Beom and Kim, Hoirin and Hwang, Sung Ju},
    pages = {1--15},
    url = {http://arxiv.org/abs/2002.12017},
    arxivId = {2002.12017}
}

@article{Chen2022Meta-learningPrediction,
    title = {{Meta-learning Adaptive Deep Kernel Gaussian Processes for Molecular Property Prediction}},
    year = {2022},
    author = {Chen, Wenlin and Tripp, Austin and Hern{\'{a}}ndez-Lobato, José Miguel},
    month = {5},
    url = {http://arxiv.org/abs/2205.02708},
    arxivId = {2205.02708}
}

@article{Amit2018Meta-learningTheory,
    title = {{Meta-learning by adjusting priors based on extended PAC-bayes theory}},
    year = {2018},
    journal = {35th International Conference on Machine Learning, ICML 2018},
    author = {Amit, Ron and Meir, Ron},
    pages = {310--326},
    volume = {1},
    isbn = {9781510867963},
    arxivId = {1711.01244}
}

@article{Chen2022Meta-learningDifferentiation,
    title = {{Meta-learning Feature Representations for Adaptive{\\\}Gaussian Processes via Implicit Differentiation}},
    year = {2022},
    author = {Chen, Wenlin and Tripp, Austin and Hern{\'{a}}ndez-Lobato, José Miguel},
    month = {5},
    url = {http://arxiv.org/abs/2205.02708},
    arxivId = {2205.02708}
}

@article{Ren2018Meta-learningClassification,
    title = {{Meta-learning for semi-supervised few-shot classification}},
    year = {2018},
    journal = {arXiv},
    author = {Ren, Mengye and Triantafillou, Eleni and Ravi, Sachin and Snell, Jake and Swersky, Kevin and Tenenbaum, Joshua B. and Larochelle, Hugo and Zemel, Richard S.},
    pages = {1--15},
    issn = {23318422},
    arxivId = {1803.00676}
}

@article{Nguyen2020Meta-LearningPrediction,
    title = {{Meta-Learning GNN Initializations for Low-Resource Molecular Property Prediction}},
    year = {2020},
    author = {Nguyen, Cuong Q. and Kreatsoulas, Constantine and Branson, Kim M.},
    month = {3},
    url = {http://arxiv.org/abs/2003.05996},
    arxivId = {2003.05996}
}

@article{Gordon2019Meta-learningPrediction,
    title = {{Meta-learning probabilistic inference for prediction}},
    year = {2019},
    journal = {7th International Conference on Learning Representations, ICLR 2019},
    author = {Gordon, Jonathan and Bronskill, John and Nowozin, Sebastian and Bauer, Matthias and Turner, Richard E.},
    pages = {1--22},
    arxivId = {1805.09921}
}

@article{Yao2021Meta-LearningInterpolation,
    title = {{Meta-Learning with Fewer Tasks through Task Interpolation}},
    year = {2021},
    author = {Yao, Huaxiu and Zhang, Linjun and Finn, Chelsea},
    month = {6},
    url = {https://arxiv.org/abs/2106.02695v1},
    isbn = {2106.02695v1},
    doi = {10.48550/arxiv.2106.02695},
    arxivId = {2106.02695}
}

@article{Rusu2018Meta-LearningOptimization,
    title = {{Meta-Learning with Latent Embedding Optimization}},
    year = {2018},
    author = {Rusu, Andrei A. and Rao, Dushyant and Sygnowski, Jakub and Vinyals, Oriol and Pascanu, Razvan and Osindero, Simon and Hadsell, Raia},
    month = {7},
    url = {http://arxiv.org/abs/1807.05960},
    arxivId = {1807.05960}
}

@article{Santoro2016Meta-LearningNetworks,
    title = {{Meta-Learning with Memory-Augmented Neural Networks}},
    year = {2016},
    journal = {33rd International Conference on Machine Learning, ICML 2016},
    author = {Santoro, Adam and Bartunov, Sergey and Botvinick, Matthew and Wierstra, Daan and Lillicrap, Timothy},
    pages = {2740--2751},
    volume = {4},
    isbn = {9781510829008}
}

@article{Iakovleva2020Meta-LearningInference,
    title = {{Meta-Learning with shared amortized variational inference}},
    year = {2020},
    journal = {37th International Conference on Machine Learning, ICML 2020},
    author = {Iakovleva, Ekaterina and Verbeek, Jakob and Alahari, Karteek},
    pages = {4522--4532},
    volume = {PartF16814},
    isbn = {9781713821120},
    arxivId = {2008.12037},
    keywords = {Meta Learning, Bayesian inference, Bayesian Meta L}
}

@article{AfrasiyabiMixture-basedClassification,
    title = {{Mixture-based Feature Space Learning for Few-shot Image Classification}},
    author = {Afrasiyabi, Arman and Lalonde, Jean-François and Gagn{\'{e}}, Christian},
    url = {https://lvsn.github.io/MixtFSL/}
}

@article{Finn2017Model-agnosticNetworks,
    title = {{Model-agnostic meta-learning for fast adaptation of deep networks}},
    year = {2017},
    journal = {34th International Conference on Machine Learning, ICML 2017},
    author = {Finn, Chelsea and Abbeel, Pieter and Levine, Sergey},
    pages = {1856--1868},
    volume = {3},
    isbn = {9781510855144},
    arxivId = {1703.03400},
    keywords = {meta-learning, deep learning}
}

@article{Maziarka2020MoleculeTransformer,
    title = {{Molecule Attention Transformer}},
    year = {2020},
    author = {Maziarka, Łukasz and Danel, Tomasz and Mucha, Sławomir and Rataj, Krzysztof and Tabor, Jacek and Jastrz{\c{e}}bski, Stanisław},
    month = {2},
    url = {http://arxiv.org/abs/2002.08264},
    arxivId = {2002.08264}
}

@techreport{BartlerMT3:Adaption,
    title = {{MT3: Meta Test-Time Training for Self-Supervised Test-Time Adaption}},
    author = {Bartler, Alexander and B{\"{u}}hler, Andre and Wiewel, Felix and D{\"{o}}bler, Mario and Yang, Bin},
    url = {https://github.com/AlexanderBartler/MT3},
    arxivId = {2103.16201v1}
}

@article{Jeong2019Multi-hopCompression,
    title = {{Multi-hop Federated Private Data Augmentation with Sample Compression}},
    year = {2019},
    journal = {arXiv},
    author = {Jeong, Eunjeong and Oh, Seungeun and Park, Jihong and Kim, Hyesung and Bennis, Mehdi and Kim, Seong-Lyun},
    month = {7},
    publisher = {arXiv},
    url = {http://arxiv.org/abs/1907.06426},
    arxivId = {1907.06426}
}

@article{Chen2021Multi-LevelProblems,
    title = {{Multi-Level Contrastive Learning for Few-Shot Problems}},
    year = {2021},
    author = {Chen, Qing and Zhang, Jian},
    month = {7},
    url = {https://arxiv.org/abs/2107.07608v1 http://arxiv.org/abs/2107.07608},
    isbn = {2107.07608v1},
    doi = {10.48550/arxiv.2107.07608},
    arxivId = {2107.07608}
}

@article{Zhang2022Multi-levelLearning,
    title = {{Multi-level Second-order Few-shot Learning}},
    year = {2022},
    journal = {IEEE Transactions on Multimedia},
    author = {Zhang, Hongguang and Li, Hongdong and Koniusz, Piotr},
    publisher = {Institute of Electrical and Electronics Engineers Inc.},
    doi = {10.1109/TMM.2022.3142955},
    issn = {19410077},
    arxivId = {2201.05916},
    keywords = {Action Recognition, Feature extraction, Few-shot Learning, Image Classification, Image recognition, Pipelines, Second-order Statistics, Streaming media, Task analysis, Training, Visualization}
}

@inproceedings{Li2021MULTI-PRETEXTSELF-SUPERVISION,
    title = {{MULTI-PRETEXT ATTENTION NETWORK FOR FEW-SHOT LEARNING WITH SELF-SUPERVISION}},
    year = {2021},
    booktitle = {Proceedings - IEEE International Conference on Multimedia and Expo},
    author = {Li, Hainan and Tao, Renshuai and Li, Jun and Qin, Haotong and Ding, Yifu and Wang, Shuo and Liu, Xianglong},
    month = {6},
    pages = {1--6},
    publisher = {Institute of Electrical and Electronics Engineers (IEEE)},
    isbn = {9781665438643},
    doi = {10.1109/ICME51207.2021.9428447},
    issn = {1945788X},
    arxivId = {2103.05985},
    keywords = {Few-shot learning, attention, clustering, graph convolutional network, self-supervised learning}
}

@article{TangMutualLearning,
    title = {{Mutual CRF-GNN for Few-shot Learning}},
    author = {Tang, Shixiang and Chen, Dapeng and Liu, Kaijian and Ge, Yixiao and Ouyang, Wanli},
    pages = {2329--2339}
}

@article{TangMutualLearningb,
    title = {{Mutual CRF-GNN for Few-shot Learning}},
    author = {Tang, Shixiang and Chen, Dapeng and Bai, Lei and Liu, Kaijian and Ge, Yixiao and Ouyang, Wanli},
    url = {https://openaccess.thecvf.com/content/CVPR2021/html/Tang_Mutual_CRF-GNN_for_Few-Shot_Learning_CVPR_2021_paper.html}
}

@article{Fukushima1982Neocognitron:Recognition,
    title = {{Neocognitron: A Self-Organizing Neural Network Model for a Mechanism of Visual Pattern Recognition}},
    year = {1982},
    author = {Fukushima, Kunihiko and Miyake, Sei},
    pages = {267--285},
    publisher = {Springer, Berlin, Heidelberg},
    url = {https://link-springer-com.tudelft.idm.oclc.org/chapter/10.1007/978-3-642-46466-9_18},
    doi = {10.1007/978-3-642-46466-9{\_}18}
}

@article{Gilmer2017NeuralChemistry,
    title = {{Neural Message Passing for Quantum Chemistry}},
    year = {2017},
    author = {Gilmer, Justin and Schoenholz, Samuel S. and Riley, Patrick F. and Vinyals, Oriol and Dahl, George E.},
    month = {4},
    url = {http://arxiv.org/abs/1704.01212},
    arxivId = {1704.01212}
}

@article{Alet2021NoetherQuantities,
    title = {{Noether Networks: Meta-Learning Useful Conserved Quantities}},
    year = {2021},
    author = {Alet, Ferran and Doblar, Dylan and Zhou, Allan and Tenenbaum, Joshua and Kawaguchi, Kenji and Finn, Chelsea},
    month = {12},
    url = {https://arxiv.org/abs/2112.03321v1},
    arxivId = {2112.03321}
}

@article{Ton2019NoiseEmbeddings,
    title = {{Noise Contrastive Meta-Learning for Conditional Density Estimation using Kernel Mean Embeddings}},
    year = {2019},
    author = {Ton, Jean-Francois and Chan, Lucian and Teh, Yee Whye and Sejdinovic, Dino},
    month = {6},
    url = {https://arxiv.org/abs/1906.02236v2 http://arxiv.org/abs/1906.02236},
    doi = {10.48550/arxiv.1906.02236},
    arxivId = {1906.02236}
}

@inproceedings{Gidaris2021OBoW:Learning,
    title = {{OBoW: Online Bag-of-Visual-Words Generation for Self-Supervised Learning}},
    year = {2021},
    booktitle = {Proceedings of the IEEE Computer Society Conference on Computer Vision and Pattern Recognition},
    author = {Gidaris, Spyros and Bursuc, Andrei and Puy, Gilles and Komodakis, Nikos and Cord, Matthieu and P{\'{e}}rez, Patrick},
    month = {6},
    pages = {6826--6836},
    publisher = {IEEE},
    url = {https://arxiv.org/abs/2012.11552v2 https://ieeexplore.ieee.org/document/9578748/},
    isbn = {9781665445092},
    doi = {10.1109/CVPR46437.2021.00676},
    issn = {10636919},
    arxivId = {2012.11552}
}

@article{PatrickOnLearning,
    title = {{On Compositions of Transformations in Contrastive Self-Supervised Learning}},
    author = {Patrick, Mandela and Asano, Yuki M and Kuznetsova, Polina and Fong, Ruth and Henriques, João F and Zweig, Geoffrey and Vedaldi, Andrea},
    url = {https://github.com/facebookresearch/GDT}
}

@article{Nichol2018OnAlgorithms,
    title = {{On first-order meta-learning algorithms}},
    year = {2018},
    journal = {arXiv},
    author = {Nichol, Alex and Achiam, Joshua and Schulman, John},
    pages = {1--15},
    issn = {23318422},
    arxivId = {1803.02999}
}

@article{Pinker1988OnAcquisition,
    title = {{On language and connectionism: Analysis of a parallel distributed processing model of language acquisition}},
    year = {1988},
    journal = {Cognition},
    author = {Pinker, Steven and Prince, Alan},
    number = {1-2},
    month = {3},
    pages = {73--193},
    volume = {28},
    publisher = {Elsevier},
    doi = {10.1016/0010-0277(88)90032-7},
    issn = {0010-0277},
    pmid = {2450717}
}

@article{Das2021OnClassification,
    title = {{On the Importance of Distractors for Few-Shot Classification}},
    year = {2021},
    author = {Das, Rajshekhar and Wang, Yu-Xiong and Moura, JoséM. F.},
    month = {9},
    url = {https://github.com/ http://arxiv.org/abs/2109.09883},
    arxivId = {2109.09883}
}

@article{Salakhutdinov2012One-ShotModel,
    title = {{One-Shot Learning with a Hierarchical Nonparametric Bayesian Model}},
    year = {2012},
    journal = {JMLR Workshop and Conference Proceedings},
    author = {Salakhutdinov, Ruslan R. and Tenenbaum, Joshua B. and Torralba, Antonio},
    pages = {195--206},
    volume = {27},
    url = {http://dspace.mit.edu/handle/1721.1/60025},
    arxivId = {arXiv:1002.2780v1},
    keywords = {hierarchical Bayes, learning to learn, semi-supervised learning}
}

@article{Ren2021OnlineCategories,
    title = {{Online Unsupervised Learning of Visual Representations and Categories}},
    year = {2021},
    author = {Ren, Mengye and Scott, Tyler R. and Iuzzolino, Michael L. and Mozer, Michael C. and Zemel, Richard},
    month = {9},
    url = {https://arxiv.org/abs/2109.05675v3},
    doi = {10.48550/arxiv.2109.05675},
    arxivId = {2109.05675}
}

@article{Courty2017OptimalAdaptation,
    title = {{Optimal Transport for Domain Adaptation}},
    year = {2017},
    journal = {IEEE Transactions on Pattern Analysis and Machine Intelligence},
    author = {Courty, Nicolas and Flamary, Remi and Tuia, Devis and Rakotomamonjy, Alain},
    number = {9},
    pages = {1853--1865},
    volume = {39},
    doi = {10.1109/TPAMI.2016.2615921},
    issn = {01628828},
    pmid = {27723579},
    arxivId = {1507.00504},
    keywords = {Unsupervised domain adaptation, classification, optimal transport, transfer learning, visual adaptation}
}

@article{Bottou2016OptimizationLearning,
    title = {{Optimization Methods for Large-Scale Machine Learning}},
    year = {2016},
    author = {Bottou, Léon and Curtis, Frank E. and Nocedal, Jorge},
    month = {6},
    url = {https://arxiv.org/abs/1606.04838},
    doi = {10.48550/arxiv.1606.04838},
    arxivId = {1606.04838}
}

@article{Xu2021OptimizationDepth,
    title = {{Optimization of Graph Neural Networks: Implicit Acceleration by Skip Connections and More Depth}},
    year = {2021},
    author = {Xu, Keyulu and Zhang, Mozhi and Jegelka, Stefanie and Kawaguchi, Kenji},
    month = {5},
    url = {https://arxiv.org/abs/2105.04550v2},
    isbn = {2105.04550v2},
    doi = {10.48550/arxiv.2105.04550},
    arxivId = {2105.04550}
}

@article{OsahorOrtho-Shot:Learning,
    title = {{Ortho-Shot: Low Displacement Rank Regularization with Data Augmentation for Few-Shot Learning}},
    author = {Osahor, Uche and Nasrabadi, Nasser M}
}

@article{Cui2021ParameterlessLearning,
    title = {{Parameterless Transductive Feature Re-representation for Few-Shot Learning}},
    year = {2021},
    author = {Cui, Wentao and Guo, Yuhong}
}

@inproceedings{Cui2021ParameterlessLearningb,
    title = {{Parameterless Transductive Feature Re-representation for Few-Shot Learning}},
    year = {2021},
    booktitle = {Proceedings of the 38th International Conference on Machine Learning},
    author = {Cui, Wentao and Guo, Yuhong},
    pages = {2212--2221},
    volume = {139},
    url = {https://proceedings.mlr.press/v139/cui21a.html}
}

@article{Chen2021ParetoLearning,
    title = {{Pareto Self-Supervised Training for Few-Shot Learning}},
    year = {2021},
    author = {Chen, Zhengyu and Ge, Jixie and Zhan, Heshen and Huang, Siteng and Wang, Donglin},
    month = {4},
    url = {http://arxiv.org/abs/2101.09825 http://arxiv.org/abs/2104.07841},
    arxivId = {2104.07841}
}

@inproceedings{Melas-Kyriazi2021PixMatch:Training,
    title = {{PixMatch: Unsupervised Domain Adaptation via Pixelwise Consistency Training}},
    year = {2021},
    booktitle = {2021 IEEE/CVF Conference on Computer Vision and Pattern Recognition (CVPR)},
    author = {Melas-Kyriazi, Luke and Manrai, Arjun K},
    month = {6},
    pages = {12430--12440},
    publisher = {IEEE},
    url = {https://ieeexplore.ieee.org/document/9578439/},
    isbn = {978-1-6654-4509-2},
    doi = {10.1109/CVPR46437.2021.01225},
    issn = {10636919},
    arxivId = {2105.08128}
}

@techreport{ZhangPNPDet:Sub-networks,
    title = {{PNPDet: Efficient Few-shot Detection without Forgetting via Plug-and-Play Sub-networks}},
    author = {Zhang, Gongjie and Cui, Kaiwen and Wu, Rongliang and Lu, Shijian and Tian, Yonghong}
}

@article{KaddourProbabilisticMeta-Learning,
    title = {{Probabilistic Active Meta-Learning}},
    author = {Kaddour, Jean and Saemundsson, Steindór and Deisenroth, Marc Peter},
    arxivId = {2007.08949v2}
}

@article{Finn2018ProbabilisticMeta-learning,
    title = {{Probabilistic model-agnostic meta-learning}},
    year = {2018},
    journal = {Advances in Neural Information Processing Systems},
    author = {Finn, Chelsea and Xu, Kelvin and Levine, Sergey},
    number = {NeurIPS},
    pages = {9516--9527},
    volume = {2018-Decem},
    issn = {10495258},
    arxivId = {1806.02817}
}

@article{Lake2015ProgramInduction,
    title = {{Program Induction}},
    year = {2015},
    journal = {Science},
    author = {Lake, Brenden M. and Salakhutdinov, Ruslan and Tnenbaum, Joshua B.},
    number = {6266},
    pages = {1332--1338},
    volume = {350},
    url = {https://www.sciencemag.org/content/350/6266/1332.full.pdf},
    doi = {10.1126/science.aab3050},
    issn = {0036-8075},
    pmid = {26659050},
    arxivId = {10.1126/science.aab3050}
}

@article{Wu2021PROTOTRANSFORMER:FEEDBACK,
    title = {{PROTOTRANSFORMER: A META-LEARNING APPROACH TO PROVIDING STUDENT FEEDBACK}},
    year = {2021},
    author = {Wu, Mike and Goodman, Noah and Piech, Chris and Finn, Chelsea},
    arxivId = {2107.14035v1}
}

@article{ZhangPrototypeLearning,
    title = {{Prototype Completion with Primitive Knowledge for Few-Shot Learning}},
    author = {Zhang, Baoquan and Li, Xutao and Ye, Yunming and Huang, Zhichao and Zhang, Lisai},
    url = {https://github.com/zhangbq-research/Prototype_}
}

@article{LiuPrototypeLearning,
    title = {{Prototype Rectification for Few-Shot Learning}},
    author = {Liu, Jinlu and Song, Liang and Qin, Yongqiang},
    keywords = {Bias, Bias {\textperiodcentered}, Class, Cross-, Few-, Intra-, Learning {\textperiodcentered}, Prototype, Rectification {\textperiodcentered}, Shot}
}

@article{Liu2020PrototypeLearning,
    title = {{Prototype Rectification for Few-Shot Learning}},
    year = {2020},
    journal = {Lecture Notes in Computer Science (including subseries Lecture Notes in Artificial Intelligence and Lecture Notes in Bioinformatics)},
    author = {Liu, Jinlu and Song, Liang and Qin, Yongqiang},
    pages = {741--756},
    volume = {12346 LNCS},
    isbn = {9783030584511},
    doi = {10.1007/978-3-030-58452-8{\_}43},
    issn = {16113349},
    arxivId = {1911.10713},
    keywords = {Cross-class bias, Few-shot learning, Intra-class bias, Prototype rectification}
}

@article{Liu2019PrototypeLearning,
    title = {{Prototype Rectification for Few-Shot Learning}},
    year = {2019},
    journal = {Lecture Notes in Computer Science (including subseries Lecture Notes in Artificial Intelligence and Lecture Notes in Bioinformatics)},
    author = {Liu, Jinlu and Song, Liang and Qin, Yongqiang},
    month = {11},
    pages = {741--756},
    volume = {12346 LNCS},
    publisher = {Springer Science and Business Media Deutschland GmbH},
    url = {https://arxiv.org/abs/1911.10713v4},
    isbn = {9783030584511},
    doi = {10.48550/arxiv.1911.10713},
    issn = {16113349},
    arxivId = {1911.10713},
    keywords = {Cross-class bias, Few-, Few-shot learning, Intra-, Intra-class bias, Learning {\textperiodcentered}, Prototype, Prototype rectification, Rectification {\textperiodcentered}, Shot}
}

@inproceedings{Yue2021PrototypicalAdaptation,
    title = {{Prototypical Cross-domain Self-supervised Learning for Few-shot Unsupervised Domain Adaptation}},
    year = {2021},
    booktitle = {2021 IEEE/CVF Conference on Computer Vision and Pattern Recognition (CVPR)},
    author = {Yue, Xiangyu and Zheng, Zangwei and Zhang, Shanghang and Gao, Yang and Darrell, Trevor and Keutzer, Kurt and Vincentelli, Alberto Sangiovanni},
    month = {6},
    pages = {13829--13839},
    publisher = {IEEE},
    url = {http://arxiv.org/abs/2103.16765 https://ieeexplore.ieee.org/document/9577429/ http://xyue.io/pcs-fuda},
    isbn = {978-1-6654-4509-2},
    doi = {10.1109/CVPR46437.2021.01362},
    issn = {10636919},
    arxivId = {2103.16765}
}

@article{Snell2017PrototypicalLearning,
    title = {{Prototypical Networks for Few-shot Learning}},
    year = {2017},
    journal = {arXiv},
    author = {Snell, Jake and Swersky, Kevin and Zemel, Richard S.},
    number = {Nips},
    issn = {23318422}
}

@article{Hu2022PushingDifference,
    title = {{Pushing the Limits of Simple Pipelines for Few-Shot Learning: External Data and Fine-Tuning Make a Difference}},
    year = {2022},
    author = {Hu, Shell Xu and Li, Da and St{\"{u}}hmer, Jan and Kim, Minyoung and Hospedales, Timothy M.},
    month = {4},
    url = {https://arxiv.org/abs/2204.07305v1},
    doi = {10.48550/arxiv.2204.07305},
    arxivId = {2204.07305}
}

@article{Zhang2019Quantum-basedNetworks,
    title = {{Quantum-based subgraph convolutional neural networks}},
    year = {2019},
    journal = {Pattern Recognition},
    author = {Zhang, Zhihong and Chen, Dongdong and Wang, Jianjia and Bai, Lu and Hancock, Edwin R.},
    pages = {38--49},
    volume = {88},
    publisher = {Elsevier Ltd},
    doi = {10.1016/j.patcog.2018.11.002},
    issn = {00313203},
    keywords = {Graph convolutional neural networks, Quantum walks, Spatial construction, Subgraph}
}

@article{Li2021RankingLearning,
    title = {{Ranking Distance Calibration for Cross-Domain Few-Shot Learning}},
    year = {2021},
    author = {Li, Pan and Gong, Shaogang and Fu, Yanwei and Wang, Chengjie},
    url = {http://arxiv.org/abs/2112.00260},
    arxivId = {2112.00260}
}

@article{RaghuRAPIDMAML,
    title = {{RAPID LEARNING OR FEATURE REUSE? TOWARDS UNDERSTANDING THE EFFECTIVENESS OF MAML}},
    author = {Raghu, Aniruddh and Raghu, Maithra and Bengio, Samy and Brain, Google},
    arxivId = {1909.09157v2}
}

@article{ShenRe-rankingClassification,
    title = {{Re-ranking for image retrieval and transductive few-shot classification}},
    author = {Shen, Xi and Xiao, Yang and Hu, Shell Xu and Sbai, Othman and Aubry, Mathieu},
    url = {https://imagine.enpc.fr/~shenx/SSR/.}
}

@article{ShenRe-rankingClassificationb,
    title = {{Re-ranking for image retrieval and transductive few-shot classification}},
    author = {Shen, Xi and Xiao, Yang and Hu, Shell Xu and Sbai, Othman and Aubry, Mathieu},
    url = {https://imagine.enpc.fr/~shenx/SSR/.}
}

@article{ZhongRe-rankingEncoding,
    title = {{Re-ranking Person Re-identification with {\'{i}}±-reciprocal Encoding}},
    author = {Zhong, Zhun and Cao, Donglin and Li, Shaozi}
}

@inproceedings{Hong2021ReinforcedBeyond,
    title = {{Reinforced Attention for Few-Shot Learning and Beyond}},
    year = {2021},
    booktitle = {Proceedings of the IEEE Computer Society Conference on Computer Vision and Pattern Recognition},
    author = {Hong, Jie and Fang, Pengfei and Li, Weihao and Zhang, Tong and Simon, Christian and Harandi, Mehrtash and Petersson, Lars},
    pages = {913--923},
    isbn = {9781665445092},
    doi = {10.1109/CVPR46437.2021.00097},
    issn = {10636919},
    arxivId = {2104.04192}
}

@article{Kang2021RelationalClassification,
    title = {{Relational Embedding for Few-Shot Classification}},
    year = {2021},
    journal = {2021 IEEE/CVF International Conference on Computer Vision (ICCV)},
    author = {Kang, Dahyun and Kwon, Heeseung and Min, Juhong and Cho, Minsu},
    month = {8},
    pages = {8802--8813},
    publisher = {IEEE},
    url = {http://cvlab.postech.ac.kr/research/RENet https://ieeexplore.ieee.org/document/9710992/ http://arxiv.org/abs/2108.09666},
    isbn = {978-1-6654-2812-5},
    doi = {10.1109/ICCV48922.2021.00870},
    arxivId = {2108.09666}
}

@article{AdnanRepresentationNetworks,
    title = {{Representation Learning of Histopathology Images using Graph Neural Networks}},
    author = {Adnan, Mohammed and Kalra, Shivam and Tizhoosh, Hamid R}
}

@article{Zhang2020RethinkingLearning,
    title = {{Rethinking Class Relations: Absolute-relative Supervised and Unsupervised Few-shot Learning}},
    year = {2020},
    author = {Zhang, Hongguang and Koniusz, Piotr and Jian, Songlei and Li, Hongdong and Torr, Philip H. S.},
    month = {1},
    url = {http://arxiv.org/abs/2001.03919},
    arxivId = {2001.03919}
}

@inproceedings{Tian2020RethinkingNeed,
    title = {{Rethinking Few-Shot Image Classification: A Good Embedding is All You Need?}},
    year = {2020},
    booktitle = {Lecture Notes in Computer Science (including subseries Lecture Notes in Artificial Intelligence and Lecture Notes in Bioinformatics)},
    author = {Tian, Yonglong and Wang, Yue and Krishnan, Dilip and Tenenbaum, Joshua B and Isola, Phillip},
    pages = {266--282},
    volume = {12359 LNCS},
    url = {http://github.com/WangYueFt/},
    isbn = {9783030585679},
    doi = {10.1007/978-3-030-58568-6{\_}16},
    issn = {16113349},
    arxivId = {2003.11539}
}

@article{LiRevisitingClassification,
    title = {{Revisiting Metric Learning for Few-Shot Image Classification}},
    author = {Li, Xiaomeng and Yu, Lequan and Fu, Chi-Wing and Fang, Meng and Heng, Pheng-Ann},
    arxivId = {1907.03123v2},
    keywords = {Few-shot learning, deep learning, feature representation, metric learning}
}

@article{Ye2020RevisitingTasks,
    title = {{Revisiting Unsupervised Meta-Learning: Amplifying or Compensating for the Characteristics of Few-Shot Tasks}},
    year = {2020},
    author = {Ye, Han-Jia and Han, Lu and Zhan, De-Chuan},
    month = {11},
    url = {http://arxiv.org/abs/2011.14663}
}

@article{Ro2020SWith,
    title = {{S Emi -S Upervised F Ew -S Hot L Earning With}},
    year = {2020},
    author = {Ro, P},
    number = {2018},
    pages = {1--13},
    volume = {1}
}

@article{Eickenberg2017SeeingSystem,
    title = {{Seeing it all: Convolutional network layers map the function of the human visual system}},
    year = {2017},
    journal = {NeuroImage},
    author = {Eickenberg, Michael and Gramfort, Alexandre and Varoquaux, Gaël and Thirion, Bertrand},
    month = {5},
    pages = {184--194},
    volume = {152},
    publisher = {Academic Press},
    doi = {10.1016/J.NEUROIMAGE.2016.10.001},
    issn = {1053-8119},
    pmid = {27777172}
}

@article{DvornikSelectingClassification,
    title = {{Selecting Relevant Features from a Multi-domain Representation for Few-shot Classification}},
    author = {Dvornik, Nikita and Schmid, Cordelia and Mairal, Julien},
    url = {https://github.com/dvornikita/SUR.},
    keywords = {Feature Selection, Few-shot Learning, Image Recognition}
}

@article{KossenSelf-AttentionLearning,
    title = {{Self-Attention Between Datapoints: Going Beyond Individual Input-Output Pairs in Deep Learning}},
    author = {Kossen, Jannik and Band, Neil and Lyle, Clare and Gomez, Aidan N and Rainforth, Tom and Gal, Yarin}
}

@article{Asano2019Self-labellingLearning,
    title = {{Self-labelling via simultaneous clustering and representation learning}},
    year = {2019},
    author = {Asano, Yuki Markus and Rupprecht, Christian and Vedaldi, Andrea},
    month = {11},
    url = {https://arxiv.org/abs/1911.05371v3},
    doi = {10.48550/arxiv.1911.05371},
    arxivId = {1911.05371}
}

@article{DongSelf-PromotedTransformer,
    title = {{Self-Promoted Supervision for Few-Shot Transformer}},
    author = {Dong, Bowen and Zhou, Pan and Yan, Shuicheng and Zuo, Wangmeng},
    url = {https://github.com/DongSky/few-shot-vit.},
    keywords = {few-shot learning, location-specific supervision}
}

@article{YangSelf-supervisedPerception,
    title = {{Self-supervised Geometric Perception}},
    author = {Yang, Heng and Dong, Wei and Koltun, Vladlen},
    url = {https://github.com/theNded/SGP.}
}

@article{Chen2021Self-SupervisedClassification,
    title = {{Self-Supervised Learning for Few-Shot Image Classification}},
    year = {2021},
    journal = {ICASSP, IEEE International Conference on Acoustics, Speech and Signal Processing - Proceedings},
    author = {Chen, Da and Chen, Yuefeng and Li, Yuhong and Mao, Feng and Hey, Yuan and Xue, Hui and He, Yuan and Xue, Hui},
    month = {11},
    pages = {1745--1749},
    volume = {2021-June},
    publisher = {Institute of Electrical and Electronics Engineers (IEEE)},
    url = {https://arxiv.org/abs/1911.06045v3},
    doi = {10.1109/icassp39728.2021.9413783},
    issn = {15206149},
    arxivId = {1911.06045},
    keywords = {Cross-domain, Few-shot learning, Index Terms-Few-shot learning, Metric learning, Self-supervised learning}
}

@article{Chen2021Self-SupervisedClassificationb,
    title = {{Self-Supervised Learning for Few-Shot Image Classification}},
    year = {2021},
    journal = {ICASSP, IEEE International Conference on Acoustics, Speech and Signal Processing - Proceedings},
    author = {Chen, Da and Chen, Yuefeng and Li, Yuhong and Mao, Feng and Hey, Yuan and Xue, Hui},
    pages = {1745--1749},
    volume = {2021-June},
    publisher = {Institute of Electrical and Electronics Engineers Inc.},
    doi = {10.1109/ICASSP39728.2021.9413783},
    issn = {15206149},
    arxivId = {1911.06045},
    keywords = {Cross-domain, Few-shot learning, Metric learning, Self-supervised learning}
}

@techreport{XieSelf-SupervisedReview,
    title = {{Self-Supervised Learning of Graph Neural Networks: A Unified Review}},
    author = {Xie, Yaochen and Xu, Zhao and Zhang, Jingtun and Wang, Zhengyang and Ji, Shuiwang and Member, Senior},
    isbn = {2102.10757v4},
    arxivId = {2102.10757v4},
    keywords = {Index Terms-Self-supervised learning, deep learning, graph analysis, graph neural networks, review !, survey, unsupervised learning}
}

@inproceedings{Tang2021Self-supervisedClassification,
    title = {{Self-supervised Network Evolution for Few-shot Classification}},
    year = {2021},
    booktitle = {Proceedings of the Thirtieth International Joint Conference on Artificial Intelligence},
    author = {Tang, Xuwen and Teng, Zhu and Zhang, Baopeng and Fan, Jianping},
    month = {8},
    pages = {3045--3051},
    publisher = {International Joint Conferences on Artificial Intelligence Organization},
    url = {https://www.ijcai.org/proceedings/2021/419},
    address = {California},
    isbn = {978-0-9992411-9-6},
    doi = {10.24963/ijcai.2021/419},
    issn = {10450823},
    keywords = {Data Mining: Classification, Machine Learning: Classification, Machine Learning: Deep Learning}
}

@article{GoyalSelf-supervisedWild,
    title = {{Self-supervised Pretraining of Visual Features in the Wild}},
    author = {Goyal, Priya and Caron, Mathilde and Lefaudeux, Benjamin and Xu, Min and Wang, Pengchao and Pai, Vivek and Singh, Mannat and Liptchinsky, Vitaliy and Misra, Ishan and Joulin, Armand and Bojanowski, Piotr},
    arxivId = {2103.01988v2}
}

@article{Goyal2021Self-supervisedWild,
    title = {{Self-supervised Pretraining of Visual Features in the Wild}},
    year = {2021},
    author = {Goyal, Priya and Caron, Mathilde and Lefaudeux, Benjamin and Xu, Min and Wang, Pengchao and Pai, Vivek and Singh, Mannat and Liptchinsky, Vitaliy and Misra, Ishan and Joulin, Armand and Bojanowski, Piotr},
    month = {3},
    url = {https://arxiv.org/abs/2103.01988v2},
    doi = {10.48550/arxiv.2103.01988},
    arxivId = {2103.01988}
}

@techreport{MedinaSelf-SupervisedClassification,
    title = {{Self-Supervised Prototypical Transfer Learning for Few-Shot Classification}},
    author = {Medina, Carlos and Devos, Arnout and Grossglauser, Matthias},
    arxivId = {2006.11325v1}
}

@article{Medina2020Self-SupervisedClassification,
    title = {{Self-Supervised Prototypical Transfer Learning for Few-Shot Classification}},
    year = {2020},
    author = {Medina, Carlos and Devos, Arnout and Grossglauser, Matthias},
    month = {6},
    url = {http://arxiv.org/abs/2006.11325},
    arxivId = {2006.11325}
}

@article{Phoo2020Self-trainingDifferences,
    title = {{Self-training for Few-shot Transfer Across Extreme Task Differences}},
    year = {2020},
    author = {Phoo, Cheng Perng and Hariharan, Bharath},
    month = {10},
    url = {https://arxiv.org/abs/2010.07734v2},
    isbn = {2010.07734v2},
    doi = {10.48550/arxiv.2010.07734},
    arxivId = {2010.07734}
}

@article{Kipf2016Semi-SupervisedNetworks,
    title = {{Semi-Supervised Classification with Graph Convolutional Networks}},
    year = {2016},
    author = {Kipf, Thomas N. and Welling, Max},
    month = {9},
    url = {http://arxiv.org/abs/1609.02907},
    arxivId = {1609.02907}
}

@article{ZhangShallowRecognition,
    title = {{Shallow Bayesian Meta Learning for Real-World Few-Shot Recognition}},
    author = {Zhang, Xueting and Meng, Debin and Gouk, Henry and Hospedales, Timothy},
    url = {https://github.com/Open-Debin/Bayesian_MQDA}
}

@article{Chen2020ShotLabels,
    title = {{Shot in the Dark: Few-Shot Learning with No Base-Class Labels}},
    year = {2020},
    author = {Chen, Zitian and Maji, Subhransu and Learned-Miller, Erik},
    month = {10},
    url = {https://arxiv.org/abs/2010.02430v2},
    arxivId = {2010.02430}
}

@inproceedings{Chen2021ShotLabels,
    title = {{Shot in the Dark: Few-Shot Learning with No Base-Class Labels}},
    year = {2021},
    booktitle = {2021 IEEE/CVF Conference on Computer Vision and Pattern Recognition Workshops (CVPRW)},
    author = {Chen, Zitian and Maji, Subhransu and Learned-Miller, Erik},
    month = {6},
    pages = {2662--2671},
    publisher = {IEEE},
    url = {https://ieeexplore.ieee.org/document/9523110/},
    isbn = {978-1-6654-4899-4},
    doi = {10.1109/CVPRW53098.2021.00300},
    issn = {21607516},
    arxivId = {2010.02430}
}

@techreport{KochSiameseRecognition,
    title = {{Siamese Neural Networks for One-shot Image Recognition}},
    author = {Koch, Gregory and Zemel, Richard and Salakhutdinov, Ruslan}
}

@article{Mo2021SiameseLearning,
    title = {{Siamese Prototypical Contrastive Learning}},
    year = {2021},
    author = {Mo, Shentong and Sun, Zhun and Li, Chao and Jp, Chao Li@riken}
}

@article{PatriniSinkhornAutoEncoders,
    title = {{Sinkhorn AutoEncoders}},
    author = {Patrini, Giorgio and Bhargav, Samarth and van den Berg, Rianne and Welling, Max and Forr{\'{e}}, Patrick and Genewein, Tim and Carioni KFU Graz, Marcello}
}

@inproceedings{Cuturi2013SinkhornTransport,
    title = {{Sinkhorn distances: Lightspeed computation of optimal transport}},
    year = {2013},
    booktitle = {Advances in Neural Information Processing Systems},
    author = {Cuturi, Marco},
    issn = {10495258}
}

@article{Tai2021SinkhornSelf-Training,
    title = {{Sinkhorn Label Allocation: Semi-Supervised Classification via Annealed Self-Training}},
    year = {2021},
    author = {Tai, Kai Sheng and Bailis, Peter and Valiant, Gregory},
    month = {2},
    url = {https://arxiv.org/abs/2102.08622v2},
    doi = {10.48550/arxiv.2102.08622},
    arxivId = {2102.08622}
}

@article{Kimeldorf1971SomeFunctions,
    title = {{Some results on Tchebycheffian spline functions}},
    year = {1971},
    journal = {Journal of Mathematical Analysis and Applications},
    author = {Kimeldorf, George and Wahba, Grace},
    number = {1},
    month = {1},
    pages = {82--95},
    volume = {33},
    publisher = {Academic Press},
    doi = {10.1016/0022-247X(71)90184-3},
    issn = {0022-247X}
}

@article{Chen2021SparseLearning,
    title = {{Sparse Spatial Transformers for Few-Shot Learning}},
    year = {2021},
    author = {Chen, Haoxing and Li, Huaxiong and Li, Yaohui and Chen, Chunlin},
    month = {9},
    url = {https://arxiv.org/abs/2109.12932v2},
    doi = {10.48550/arxiv.2109.12932},
    arxivId = {2109.12932}
}

@article{Ouali2020SpatialClassification,
    title = {{Spatial Contrastive Learning for Few-Shot Classification}},
    year = {2020},
    journal = {Lecture Notes in Computer Science (including subseries Lecture Notes in Artificial Intelligence and Lecture Notes in Bioinformatics)},
    author = {Ouali, Yassine and Hudelot, Céline and Tami, Myriam},
    month = {12},
    pages = {671--686},
    volume = {12975 LNAI},
    publisher = {Springer Science and Business Media Deutschland GmbH},
    url = {https://arxiv.org/abs/2012.13831v3},
    isbn = {9783030864859},
    doi = {10.1007/978-3-030-86486-6{\_}41},
    issn = {16113349},
    arxivId = {2012.13831},
    keywords = {Contrastive learning, Deep learning, Few-shot learning}
}

@article{Kiefer1952StochasticFunction,
    title = {{Stochastic Estimation of the Maximum of a Regression Function}},
    year = {1952},
    journal = {https://doi-org.tudelft.idm.oclc.org/10.1214/aoms/1177729392},
    author = {Kiefer, J. and Wolfowitz, J.},
    number = {3},
    month = {9},
    pages = {462--466},
    volume = {23},
    publisher = {Institute of Mathematical Statistics},
    url = {https://projecteuclid-org.tudelft.idm.oclc.org/journals/annals-of-mathematical-statistics/volume-23/issue-3/Stochastic-Estimation-of-the-Maximum-of-a-Regression-Function/10.1214/aoms/1177729392.full https://projecteuclid-org.tudelft.idm.oclc.org/journals/annals-of-mathematical-statistics/volume-23/issue-3/Stochastic-Estimation-of-the-Maximum-of-a-Regression-Function/10.1214/aoms/1177729392.short},
    doi = {10.1214/AOMS/1177729392},
    issn = {0003-4851}
}

@article{Bottou2012StochasticTricks,
    title = {{Stochastic gradient descent tricks}},
    year = {2012},
    journal = {Lecture Notes in Computer Science (including subseries Lecture Notes in Artificial Intelligence and Lecture Notes in Bioinformatics)},
    author = {Bottou, Léon},
    pages = {421--436},
    volume = {7700 LECTURE NO},
    publisher = {Springer Verlag},
    url = {https://link-springer-com.tudelft.idm.oclc.org/chapter/10.1007/978-3-642-35289-8_25},
    isbn = {9783642352881},
    doi = {10.1007/978-3-642-35289-8{\_}25/COVER},
    issn = {16113349}
}

@article{SarlinSuperGlue:Networks,
    title = {{SuperGlue: Learning Feature Matching with Graph Neural Networks}},
    author = {Sarlin, Paul-Edouard and Detone, Daniel and Malisiewicz, Tomasz and Rabinovich, Andrew and Zurich, Eth}
}

@article{Majumder2021SupervisedClassification,
    title = {{Supervised Momentum Contrastive Learning for Few-Shot Classification}},
    year = {2021},
    author = {Majumder, Orchid and Ravichandran, Avinash and Maji, Subhransu and Achille, Alessandro and Polito, Marzia and Soatto, Stefano and Web Services, Amazon and Amherst, UMass},
    month = {1},
    url = {https://arxiv.org/abs/2101.11058v2},
    doi = {10.48550/arxiv.2101.11058},
    arxivId = {2101.11058}
}

@article{Oreshkin2018Tadam:Learning,
    title = {{Tadam: Task dependent adaptive metric for improved few-shot learning}},
    year = {2018},
    journal = {Advances in Neural Information Processing Systems},
    author = {Oreshkin, Boris N. and Rodriguez, Pau and Lacoste, Alexandre},
    number = {NeurIPS},
    pages = {721--731},
    volume = {2018-Decem},
    issn = {10495258},
    arxivId = {1805.10123}
}

@article{YuanTask-levelLearning,
    title = {{Task-level Self-supervision for Cross-domain Few-shot Learning}},
    author = {Yuan, Wang and Zhang, Zhizhong and Wang, Cong and Song, Haichuan and Xie, Yuan and Ma, Lizhuang},
    url = {www.aaai.org}
}

@article{LazarouTensorLearning,
    title = {{Tensor feature hallucination for few-shot learning}},
    author = {Lazarou, Michalis and Stathaki, Tania and Avrithis, Yannis}
}

@article{Ni2022TheMeta-Learning,
    title = {{The Close Relationship Between Contrastive Learning and Meta-Learning}},
    year = {2022},
    author = {Ni, Renkun and Shu, Manli and Hossein, Souri and Micah, Goldblum and Tom, Goldstein},
    pages = {1--16}
}

@article{WangTheThem,
    title = {{The Role of Global Labels in Few-Shot Classification and How to Infer Them}},
    author = {Wang, Ruohan and Pontil, Massimiliano and Ciliberto, Carlo}
}

@techreport{ShalamTheTransform,
    title = {{The Self-Optimal-Transport Feature Transform}},
    author = {Shalam, Daniel and Korman, Simon}
}

@article{Edwards2016TowardsStatistician,
    title = {{Towards a Neural Statistician}},
    year = {2016},
    author = {Edwards, Harrison and Storkey, Amos},
    pages = {1--13},
    url = {http://arxiv.org/abs/1606.02185},
    arxivId = {1606.02185}
}

@article{Edwards2016TowardsStatisticianb,
    title = {{Towards a Neural Statistician}},
    year = {2016},
    author = {Edwards, Harrison and Storkey, Amos},
    month = {6},
    url = {http://arxiv.org/abs/1606.02185},
    arxivId = {1606.02185}
}

@article{Boudiaf2020TransductiveLearning,
    title = {{Transductive Information Maximization For Few-Shot Learning}},
    year = {2020},
    author = {Boudiaf, Malik and Masud, Ziko Imtiaz and Rony, Jérôme and Dolz, José and Piantanida, Pablo and Ayed, Ismail Ben},
    number = {NeurIPS},
    pages = {1--18},
    url = {http://arxiv.org/abs/2008.11297},
    issn = {10495258},
    arxivId = {2008.11297}
}

@article{Chobola2021TransferNetwork,
    title = {{Transfer learning based few-shot classification using optimal transport mapping from preprocessed latent space of backbone neural network}},
    year = {2021},
    author = {Chobola, Tomáš and Va{\v{s}}ata, Daniel and Kord{\'{i}}k, Pavel},
    url = {http://arxiv.org/abs/2102.05176},
    arxivId = {2102.05176}
}

@article{PandyTransferabilitySeparability,
    title = {{Transferability Estimation using Bhattacharyya Class Separability}},
    author = {P{\'{a}}ndy, Michal and Research, Google and Agostinelli, Andrea and Uijlings, Jasper and Ferrari, Vittorio and Mensink, Thomas},
    arxivId = {2111.12780v1}
}

@article{Nguyen2020UncertaintyInference,
    title = {{Uncertainty in model-agnostic meta-learning using variational inference}},
    year = {2020},
    journal = {Proceedings - 2020 IEEE Winter Conference on Applications of Computer Vision, WACV 2020},
    author = {Nguyen, Cuong and Do, Thanh Toan and Carneiro, Gustavo},
    pages = {3079--3089},
    isbn = {9781728165530},
    doi = {10.1109/WACV45572.2020.9093536},
    arxivId = {1907.11864}
}

@article{Bilen2017UniversalBreeds,
    title = {{Universal representations:The missing link between faces, text, planktons, and cat breeds}},
    year = {2017},
    author = {Bilen, Hakan and Vedaldi, Andrea},
    month = {1},
    url = {https://arxiv.org/abs/1701.07275v1},
    arxivId = {1701.07275}
}

@article{Lee2021UnsupervisedClassification,
    title = {{Unsupervised Embedding Adaptation via Early-Stage Feature Reconstruction for Few-Shot Classification}},
    year = {2021},
    author = {Lee, Dong Hoon and Chung, Sae-Young},
    month = {6},
    url = {http://arxiv.org/abs/2106.11486},
    arxivId = {2106.11486}
}

@article{Lee2021UnsupervisedClassificationb,
    title = {{Unsupervised Embedding Adaptation via Early-Stage Feature Reconstruction for Few-Shot Classification}},
    year = {2021},
    author = {Lee, Dong Hoon and Chung, Sae-Young},
    month = {6},
    url = {https://arxiv.org/abs/2106.11486v1 http://arxiv.org/abs/2106.11486},
    doi = {10.48550/arxiv.2106.11486},
    arxivId = {2106.11486}
}

@article{Ji2020UnsupervisedTraining,
    title = {{Unsupervised Few-Shot Feature Learning via Self-Supervised Training}},
    year = {2020},
    journal = {Frontiers in Computational Neuroscience},
    author = {Ji, Zilong and Zou, Xiaolong and Huang, Tiejun and Wu, Si},
    month = {12},
    volume = {14},
    url = {http://arxiv.org/abs/1912.12178},
    doi = {10.3389/fncom.2020.00083},
    issn = {16625188},
    arxivId = {1912.12178},
    keywords = {clustering, episodic learning, few-shot learning, pseudo labels, unsupervised}
}

@article{Zheng2022UnsupervisedLearning,
    title = {{Unsupervised few-shot image classification via one-vs-all contrastive learning}},
    year = {2022},
    journal = {Applied Intelligence 2022},
    author = {Zheng, Zijun and Feng, · Xiang and Yu, Huiqun and Li, Xiuquan and Mengqi Gao, · and Feng, Xiang and Gao, Mengqi},
    month = {7},
    pages = {1--15},
    publisher = {Springer},
    url = {https://link-springer-com.tudelft.idm.oclc.org/article/10.1007/s10489-022-03750-7},
    doi = {10.1007/S10489-022-03750-7},
    issn = {1573-7497},
    keywords = {Artificial Intelligence, Machines, Manufacturing, Mechanical Engineering, Processes, Tools}
}

@inproceedings{Caron2020UnsupervisedAssignments,
    title = {{Unsupervised learning of visual features by contrasting cluster assignments}},
    year = {2020},
    booktitle = {Advances in Neural Information Processing Systems},
    author = {Caron, Mathilde and Misra, Ishan and Mairal, Julien and Goyal, Priya and Bojanowski, Piotr and Joulin, Armand},
    month = {6},
    volume = {2020-Decem},
    publisher = {Neural information processing systems foundation},
    url = {https://arxiv.org/abs/2006.09882v5},
    issn = {10495258},
    arxivId = {2006.09882}
}

@article{Hsu2018UnsupervisedMeta-Learning,
    title = {{Unsupervised Learning via Meta-Learning}},
    year = {2018},
    journal = {arXiv},
    author = {Hsu, Kyle and Levine, Sergey and Finn, Chelsea},
    month = {10},
    publisher = {arXiv},
    url = {http://arxiv.org/abs/1810.02334},
    arxivId = {1810.02334}
}

@article{Khodadadeh2018UnsupervisedClassification,
    title = {{Unsupervised Meta-Learning For Few-Shot Image Classification}},
    year = {2018},
    journal = {arXiv},
    author = {Khodadadeh, Siavash and B{\"{o}}l{\"{o}}ni, Ladislau and Shah, Mubarak},
    month = {11},
    publisher = {arXiv},
    url = {http://arxiv.org/abs/1811.11819},
    arxivId = {1811.11819}
}

@article{Xu2021UnsupervisedLearning,
    title = {{Unsupervised meta-learning for few-shot learning}},
    year = {2021},
    journal = {Pattern Recognition},
    author = {Xu, Hui and Wang, Jiaxing and Li, Hao and Ouyang, Deqiang and Shao, Jie},
    month = {8},
    pages = {107951},
    volume = {116},
    publisher = {Elsevier Ltd},
    url = {https://linkinghub.elsevier.com/retrieve/pii/S0031320321001382},
    doi = {10.1016/j.patcog.2021.107951},
    issn = {00313203},
    keywords = {Few-shot learning, Meta-learning, Unsupervised learning}
}

@article{Xu2021UnsupervisedLearningb,
    title = {{Unsupervised meta-learning for few-shot learning}},
    year = {2021},
    journal = {Pattern Recognition},
    author = {Xu, Hui and Wang, Jiaxing and Li, Hao and Ouyang, Deqiang and Shao, Jie},
    month = {8},
    volume = {116},
    publisher = {Elsevier Ltd},
    doi = {10.1016/j.patcog.2021.107951},
    issn = {00313203},
    keywords = {Few-shot learning, Meta-learning, Unsupervised learning}
}

@article{Khodadadeh2020UnsupervisedModels,
    title = {{Unsupervised Meta-Learning through Latent-Space Interpolation in Generative Models}},
    year = {2020},
    author = {Khodadadeh, Siavash and Zehtabian, Sharare and Vahidian, Saeed and Wang, Weijia and Lin, Bill and B{\"{o}}l{\"{o}}ni, Ladislau},
    month = {6},
    url = {https://arxiv.org/abs/2006.10236v1},
    issn = {2331-8422},
    arxivId = {2006.10236}
}

@article{XuVariationalClassification,
    title = {{Variational Feature Disentangling for Fine-Grained Few-Shot Classification}},
    author = {Xu, Jingyi and Le, Hieu and Huang, Mingzhen and Athar, Shahrukh and Samaras, Dimitris},
    url = {https://github.}
}

@techreport{ZhangVariationalLearning,
    title = {{Variational Few-Shot Learning}},
    author = {Zhang, Jian and Zhao, Chenglong and Ni, Bingbing and Xu, Minghao and Yang, Xiaokang}
}

@article{Zhang2019VariationalLearning,
    title = {{Variational few-shot learning}},
    year = {2019},
    journal = {Proceedings of the IEEE International Conference on Computer Vision},
    author = {Zhang, Jian and Zhao, Chenglong and Ni, Bingbing and Xu, Minghao and Yang, Xiaokang},
    pages = {1685--1694},
    volume = {2019-Octob},
    isbn = {9781728148038},
    doi = {10.1109/ICCV.2019.00177},
    issn = {15505499}
}

@inproceedings{Deng2021VariationalRecognition,
    title = {{Variational prototype learning for deep face recognition}},
    year = {2021},
    booktitle = {Proceedings of the IEEE Computer Society Conference on Computer Vision and Pattern Recognition},
    author = {Deng, Jiankang and Guo, Jia and Yang, Jing and Lattas, Alexandros and Zafeiriou, Stefanos},
    pages = {11901--11910},
    isbn = {9781665445092},
    doi = {10.1109/CVPR46437.2021.01173},
    issn = {10636919}
}

@article{KimVariationalImages,
    title = {{Variational Prototyping-Encoder: One-Shot Learning with Prototypical Images}},
    author = {Kim, Junsik and Oh, Tae-Hyun and Lee, Seokju and Pan, Fei and Kweon, In So},
    url = {https://github.com/mibastro/VPE},
    arxivId = {1904.08482v1}
}

@article{KimVariationalImagesb,
    title = {{Variational Prototyping-Encoder: One-Shot Learning with Prototypical Images}},
    author = {Kim, Junsik and Oh, Tae-Hyun and Lee, Seokju and Pan, Fei and Kweon, In So},
    url = {https://github.com/mibastro/VPE}
}

@article{Bardes2021VICReg:Learning,
    title = {{VICReg: Variance-Invariance-Covariance Regularization for Self-Supervised Learning}},
    year = {2021},
    author = {Bardes, Adrien and Ponce, Jean and LeCun, Yann},
    month = {5},
    url = {https://arxiv.org/abs/2105.04906v3 http://arxiv.org/abs/2105.04906},
    arxivId = {2105.04906}
}

@article{Goyal2022VisionSupervision,
    title = {{Vision Models Are More Robust And Fair When Pretrained On Uncurated Images Without Supervision}},
    year = {2022},
    author = {Goyal, Priya and Duval, Quentin and Seessel, Isaac and Caron, Mathilde and Misra, Ishan and Sagun, Levent and Joulin, Armand and Bojanowski, Piotr},
    month = {2},
    url = {https://arxiv.org/abs/2202.08360v2 http://arxiv.org/abs/2202.08360},
    arxivId = {2202.08360}
}

@article{Guo2022VisualNetwork,
    title = {{Visual Attention Network}},
    year = {2022},
    author = {Guo, Meng-Hao and Lu, Cheng-Ze and Liu, Zheng-Ning and Cheng, Ming-Ming and Hu, Shi-Min},
    month = {2},
    url = {https://arxiv.org/abs/2202.09741v2},
    doi = {10.48550/arxiv.2202.09741},
    arxivId = {2202.09741},
    keywords = {Attention, ConvNets, Deep Learning, Vision Backbone}
}

@article{YazdanpanahVisualLearning,
    title = {{Visual Domain Bridge: A source-free domain adaptation for cross-domain few-shot learning}},
    author = {Yazdanpanah, Moslem and Moradi, Parham},
    url = {https://github.com/MosyMosy/VDB}
}

@article{Bhattacharyya2022VisualRegime,
    title = {{Visual Representation Learning with Self-Supervised Attention for Low-Label High-data Regime}},
    year = {2022},
    author = {Bhattacharyya, Prarthana and Li, Chenge and Zhao, Xiaonan and Feh{\'{e}}rv{\'{a}}ri, István and Sun, Jason},
    month = {1},
    url = {https://arxiv.org/abs/2201.08951v2 http://arxiv.org/abs/2201.08951},
    doi = {10.48550/arxiv.2201.08951},
    arxivId = {2201.08951}
}

@article{Bhattacharyya2022VisualRegimeb,
    title = {{Visual Representation Learning with Self-Supervised Attention for Low-Label High-data Regime}},
    year = {2022},
    author = {Bhattacharyya, Prarthana and Li, Chenge and Zhao, Xiaonan and Feh{\'{e}}rv{\'{a}}ri, István and Sun, Jason},
    month = {1},
    url = {https://arxiv.org/abs/2201.08951v2 http://arxiv.org/abs/2201.08951},
    doi = {10.48550/arxiv.2201.08951},
    arxivId = {2201.08951}
}

@article{Zeiler2013VisualizingNetworks,
    title = {{Visualizing and Understanding Convolutional Networks}},
    year = {2013},
    journal = {Lecture Notes in Computer Science (including subseries Lecture Notes in Artificial Intelligence and Lecture Notes in Bioinformatics)},
    author = {Zeiler, Matthew D. and Fergus, Rob},
    number = {PART 1},
    month = {11},
    pages = {818--833},
    volume = {8689 LNCS},
    publisher = {Springer Verlag},
    url = {https://arxiv.org/abs/1311.2901v3},
    isbn = {9783319105895},
    doi = {10.48550/arxiv.1311.2901},
    issn = {16113349},
    arxivId = {1311.2901}
}

@article{DwibediWithRepresentations,
    title = {{With a Little Help from My Friends: Nearest-Neighbor Contrastive Learning of Visual Representations}},
    author = {Dwibedi, Debidatta and Aytar, Yusuf and Tompson, Jonathan and Sermanet, Pierre and Zisserman, Andrew},
    arxivId = {2104.14548v2}
}

@article{El-Nouby2021XCiT:Transformers,
    title = {{XCiT: Cross-Covariance Image Transformers}},
    year = {2021},
    author = {El-Nouby, Alaaeldin and Touvron, Hugo and Caron, Mathilde and Bojanowski, Piotr and Douze, Matthijs and Joulin, Armand and Laptev, Ivan and Neverova, Natalia and Synnaeve, Gabriel and Verbeek, Jakob and Jegou, Hervé},
    url = {https://github.com/facebookresearch/xcit http://arxiv.org/abs/2106.09681},
    arxivId = {2106.09681}
}

@article{Wang2018Zero-ShotModels,
    title = {{Zero-Shot Learning via Class-Conditioned Deep Generative Models}},
    year = {2018},
    journal = {Thirty-Second AAAI Conference on Artificial Intelligence},
    author = {Wang, Wenlin and Pu, Yunchen and Verma, Vinay Kumar and Fan, Kai and Zhang, Yizhe and Chen, Changyou and Rai, Piyush and Carin, Lawrence},
    month = {4},
    url = {https://www.aaai.org/ocs/index.php/AAAI/AAAI18/paper/view/16087},
    keywords = {Machine Learning Methods Track}
}

@article{Higgins-VAE:FRAMEWORK,
    title = {{{$\beta$}-VAE: LEARNING BASIC VISUAL CONCEPTS WITH A CONSTRAINED VARIATIONAL FRAMEWORK}},
    author = {Higgins, Irina and Matthey, Loic and Pal, Arka and Burgess, Christopher and Glorot, Xavier and Botvinick, Matthew and Mohamed, Shakir and Lerchner, Alexander and Deepmind, Google}
}

@article{Higgins2017-VAE:Framework,
    title = {{B-VAE: Learning basic visual concepts with a constrained variational framework}},
    year = {2017},
    journal = {5th International Conference on Learning Representations, ICLR 2017 - Conference Track Proceedings},
    author = {Higgins, Irina and Matthey, Loic and Pal, Arka and Burgess, Christopher and Glorot, Xavier and Botvinick, Matthew and Mohamed, Shakir and Lerchner, Alexander},
    pages = {1--13}
}

@article{Higgins-VAE:FRAMEWORKb,
    title = {{{$\beta$}-VAE: LEARNING BASIC VISUAL CONCEPTS WITH A CONSTRAINED VARIATIONAL FRAMEWORK}},
    author = {Higgins, Irina and Matthey, Loic and Pal, Arka and Burgess, Christopher and Glorot, Xavier and Botvinick, Matthew and Mohamed, Shakir and Lerchner, Alexander and Deepmind, Google}
}