% This file was created with JabRef 2.3.1.
% Encoding: ISO8859_1

@ARTICLE{Einstein1906,
  author = {Einstein, A.},
  title = {Eine neue {Bestimmung} der {Molek\"uldimensionen}},
  journal = {Annalen der Physik},
  year = {1906},
  volume = {324},
  pages = {289--306},
  number = {2},
  doi = {10.1002/andp.19063240204},
%  url = {http://dx.doi.org/10.1002/andp.19063240204}
}
@book {MR1039321,
    AUTHOR = {Engelking, Ryszard},
     TITLE = {General topology},
    SERIES = {Sigma Series in Pure Mathematics},
    VOLUME = {6},
   EDITION = {Second},
      NOTE = {Translated from the Polish by the author},
 PUBLISHER = {Heldermann Verlag}, 
   ADDRESS = {Berlin},
      YEAR = {1989},
     PAGES = {viii+529},
      ISBN = {3-88538-006-4},
   MRCLASS = {54-01 (54-02)},
  MRNUMBER = {1039321},
MRREVIEWER = {Gary Gruenhage},
}
		

@article {MR3860876,
    AUTHOR = {Hart, Klaas Pieter},
     TITLE = {Brouwer and cardinalities},
   JOURNAL = {Indag. Math. (N.S.)},
  FJOURNAL = {Koninklijke Nederlandse Akademie van Wetenschappen.
              Indagationes Mathematicae. New Series},
    VOLUME = {29},
      YEAR = {2018},
    NUMBER = {6},
     PAGES = {1555--1564},
      ISSN = {0019-3577},
   MRCLASS = {03F55 (01A75 03E10 03E50 03E70)},
  MRNUMBER = {3860876},
MRREVIEWER = {Robert S. Lubarsky},
       DOI = {10.1016/j.indag.2017.12.008},
%       URL = {https://doi.org/10.1016/j.indag.2017.12.008},
}

@book {MR3204729,
     TITLE = {Recent progress in general topology. {III}},
    EDITOR = {Hart, K. P. and van Mill, J. and Simon, P.},
 PUBLISHER = {Atlantis Press, Paris},
      YEAR = {2014},
     PAGES = {viii+903},
      ISBN = {978-94-6239-023-2; 978-94-6239-024-9},
   MRCLASS = {54-06},
  MRNUMBER = {3204729},
       DOI = {10.2991/978-94-6239-024-9},
%       URL = {https://doi.org/10.2991/978-94-6239-024-9},
}


@article{Antoniou2019AssumeAugmentation,
	title        = {Assume, augment and learn: Unsupervised few-shot meta-learning via random labels and data augmentation},
	author       = {Antoniou, Antreas and Storkey, Amos},
	year         = 2019,
	journal      = {arXiv preprint arXiv:1902.09884}
}
@article{GaoContrastiveLearning,
	title        = {{Contrastive Prototype Learning with Augmented Embeddings for Few-Shot Learning}},
	author       = {Gao, Yizhao and Fei, Nanyi and Liu, Guangzhen and Lu, Zhiwu and Xiang, Tao and Huang, Songfang},
	isbn         = {2101.09499v1},
	arxivid      = {2101.09499v1}
}
@article{Qin2020DiversityAugmentation,
	title        = {Diversity helps: Unsupervised few-shot learning via distribution shift-based data augmentation},
	author       = {Qin, Tiexin and Li, Wenbin and Shi, Yinghuan and Gao, Yang},
	year         = 2020,
	journal      = {arXiv preprint arXiv:2004.05805}
}
@article{McInnes2017Hdbscan:Clustering,
	title        = {hdbscan: Hierarchical density based clustering.},
	author       = {McInnes, Leland and Healy, John and Astels, Steve},
	year         = 2017,
	journal      = {J. Open Source Softw.},
	volume       = 2,
	number       = 11,
	pages        = 205
}
@article{Lake2015Human-levelInduction,
	title        = {{Human-level concept learning through probabilistic program induction}},
	author       = {Lake, Brenden M. and Salakhutdinov, Ruslan and Tenenbaum, Joshua B.},
	year         = 2015,
	month        = 12,
	journal      = {Science},
	publisher    = {American Association for the Advancement of Science},
	volume       = 350,
	number       = 6266,
	pages        = {1332--1338},
	doi          = {10.1126/SCIENCE.AAB3050/SUPPL{\_}FILE/LAKE-SM.PDF},
	issn         = 10959203,
	url          = {https://www.science.org},
	pmid         = 26659050
}
@article{Vinyals2016MatchingLearning,
	title        = {Matching networks for one shot learning},
	author       = {Vinyals, Oriol and Blundell, Charles and Lillicrap, Timothy and Wierstra, Daan and others},
	year         = 2016,
	journal      = {Advances in neural information processing systems},
	volume       = 29
}
@article{Triantafillou2020Meta-Dataset:Examples,
	title        = {{Meta-Dataset: A Dataset of Datasets for Learning to Learn from Few Examples}},
	author       = {Triantafillou, Eleni and Zhu, Tyler and Dumoulin, Vincent and Lamblin, Pascal and Evci, Utku and Xu, Kelvin and Goroshin, Ross and Gelada, Carles and Swersky, Kevin and Manzagol, Pierre-Antoine and Larochelle, Hugo},
	year         = 2020,
	journal      = {arXiv preprint arXiv:1903.03096},
	url          = {http://arxiv.org/abs/1903.03096},
	arxivid      = {1903.03096}
}
@inproceedings{Finn2017Model-agnosticNetworks,
	title        = {Model-agnostic meta-learning for fast adaptation of deep networks},
	author       = {Finn, Chelsea and Abbeel, Pieter and Levine, Sergey},
	year         = 2017,
	booktitle    = {International conference on machine learning},
	pages        = {1126--1135},
	organization = {PMLR}
}
@article{Snell2017PrototypicalLearning,
	title        = {Prototypical networks for few-shot learning},
	author       = {Snell, Jake and Swersky, Kevin and Zemel, Richard},
	year         = 2017,
	journal      = {Advances in neural information processing systems},
	volume       = 30
}
@inproceedings{ZhongRe-rankingEncoding,
	title        = {Re-ranking person re-identification with k-reciprocal encoding},
	author       = {Zhong, Zhun and Zheng, Liang and Cao, Donglin and Li, Shaozi},
	year         = 2017,
	booktitle    = {Proceedings of the IEEE conference on computer vision and pattern recognition},
	pages        = {1318--1327}
}
@inproceedings{Zhang2020RethinkingLearning,
	title        = {Rethinking class relations: Absolute-relative supervised and unsupervised few-shot learning},
	author       = {Zhang, Hongguang and Koniusz, Piotr and Jian, Songlei and Li, Hongdong and Torr, Philip HS},
	year         = 2021,
	booktitle    = {Proceedings of the IEEE/CVF Conference on Computer Vision and Pattern Recognition},
	pages        = {9432--9441}
}
@inproceedings{Tian2020RethinkingNeed,
	title        = {{Rethinking Few-Shot Image Classification: A Good Embedding is All You Need?}},
	author       = {Tian, Yonglong and Wang, Yue and Krishnan, Dilip and Tenenbaum, Joshua B and Isola, Phillip},
	year         = 2020,
	booktitle    = {Lecture Notes in Computer Science (including subseries Lecture Notes in Artificial Intelligence and Lecture Notes in Bioinformatics)},
	volume       = {12359 LNCS},
	pages        = {266--282},
	doi          = {10.1007/978-3-030-58568-6{\_}16},
	isbn         = 9783030585679,
	issn         = 16113349,
	url          = {http://github.com/WangYueFt/},
	arxivid      = {2003.11539}
}
@article{Ye2020RevisitingTasks,
	title        = {{Revisiting Unsupervised Meta-Learning: Amplifying or Compensating for the Characteristics of Few-Shot Tasks}},
	author       = {Ye, Han-Jia and Han, Lu and Zhan, De-Chuan},
	year         = 2020,
	month        = 11,
	url          = {http://arxiv.org/abs/2011.14663},
	arxivid      = {2011.14663}
}
@article{Chen2021Self-SupervisedClassification,
	title        = {{Self-Supervised Learning for Few-Shot Image Classification}},
	author       = {Chen, Da and Chen, Yuefeng and Li, Yuhong and Mao, Feng and He, Yuan and Xue, Hui},
	year         = 2021,
	month        = 11,
	publisher    = {Institute of Electrical and Electronics Engineers (IEEE)},
	pages        = {1745--1749},
	doi          = {10.1109/icassp39728.2021.9413783},
	url          = {https://arxiv.org/abs/1911.06045v3},
	arxivid      = {1911.06045},
	keywords     = {Cross-domain, Index Terms-Few-shot learning, Metric learning, Self-supervised learning}
}
@article{Medina2020Self-SupervisedClassification,
	title        = {Self-supervised prototypical transfer learning for few-shot classification},
	author       = {Medina, Carlos and Devos, Arnout and Grossglauser, Matthias},
	year         = 2020,
	journal      = {arXiv preprint arXiv:2006.11325}
}
@article{Ouali2020SpatialClassification,
	title        = {{Spatial Contrastive Learning for Few-Shot Classification}},
	author       = {Ouali, Yassine and Hudelot, CÃ©line and Tami, Myriam},
	year         = 2020,
	month        = 12,
	journal      = {Lecture Notes in Computer Science (including subseries Lecture Notes in Artificial Intelligence and Lecture Notes in Bioinformatics)},
	publisher    = {Springer Science and Business Media Deutschland GmbH},
	volume       = {12975 LNAI},
	pages        = {671--686},
	doi          = {10.1007/978-3-030-86486-6{\_}41},
	isbn         = 9783030864859,
	issn         = 16113349,
	url          = {https://arxiv.org/abs/2012.13831v3},
	arxivid      = {2012.13831},
	keywords     = {Contrastive learning, Deep learning, Few-shot learning}
}
@article{Ji2019UnsupervisedTraining,
	title        = {Unsupervised few-shot learning via self-supervised training},
	author       = {Ji, Zilong and Zou, Xiaolong and Huang, Tiejun and Wu, Si},
	year         = 2019,
	journal      = {arXiv preprint arXiv:1912.12178}
}
@article{Hsu2018UnsupervisedMeta-Learning,
	title        = {Unsupervised learning via meta-learning},
	author       = {Hsu, Kyle and Levine, Sergey and Finn, Chelsea},
	year         = 2018,
	journal      = {arXiv preprint arXiv:1810.02334}
}
@article{Khodadadeh2018UnsupervisedClassification,
	title        = {Unsupervised meta-learning for few-shot image classification},
	author       = {Khodadadeh, Siavash and Boloni, Ladislau and Shah, Mubarak},
	year         = 2019,
	journal      = {Advances in neural information processing systems},
	volume       = 32
}
@article{Xu2021UnsupervisedLearning,
	title        = {{Unsupervised meta-learning for few-shot learning}},
	author       = {Xu, Hui and Wang, Jiaxing and Li, Hao and Ouyang, Deqiang and Shao, Jie},
	year         = 2021,
	month        = 8,
	journal      = {Pattern Recognition},
	publisher    = {Elsevier Ltd},
	volume       = 116,
	pages        = 107951,
	doi          = {10.1016/j.patcog.2021.107951},
	issn         = {00313203},
	url          = {https://linkinghub.elsevier.com/retrieve/pii/S0031320321001382},
	keywords     = {Few-shot learning, Meta-learning, Unsupervised learning}
}
@article{Khodadadeh2020UnsupervisedModels,
	title        = {Unsupervised meta-learning through latent-space interpolation in generative models},
	author       = {Khodadadeh, Siavash and Zehtabian, Sharare and Vahidian, Saeed and Wang, Weijia and Lin, Bill and B{\"o}l{\"o}ni, Ladislau},
	year         = 2020,
	journal      = {arXiv preprint arXiv:2006.10236}
}
@inproceedings{wang2017chestx,
	title        = {Chestx-ray8: Hospital-scale chest x-ray database and benchmarks on weakly-supervised classification and localization of common thorax diseases},
	author       = {Wang, Xiaosong and Peng, Yifan and Lu, Le and Lu, Zhiyong and Bagheri, Mohammadhadi and Summers, Ronald M},
	year         = 2017,
	booktitle    = {Proceedings of the IEEE conference on computer vision and pattern recognition},
	pages        = {2097--2106}
}
@misc{helber2017eurosat,
	title        = {EuroSAT: A Novel Dataset and Deep Learning Benchmark for Land Use and Land Cover Classification},
	author       = {Patrick Helber and Benjamin Bischke and Andreas Dengel and Damian Borth},
	year         = 2017,
	eprint       = {1709.00029},
	archiveprefix = {arXiv},
	primaryclass = {cs.CV}
}
@article{isic2018dataset,
	title        = {Skin lesion analysis toward melanoma detection 2018: A challenge hosted by the international skin imaging collaboration (isic)},
	author       = {Codella, Noel and Rotemberg, Veronica and Tschandl, Philipp and Celebi, M Emre and Dusza, Stephen and Gutman, David and Helba, Brian and Kalloo, Aadi and Liopyris, Konstantinos and Marchetti, Michael and others},
	year         = 2019,
	journal      = {arXiv preprint arXiv:1902.03368}
}
@inproceedings{ye2020few,
	title        = {Few-shot learning via embedding adaptation with set-to-set functions},
	author       = {Ye, Han-Jia and Hu, Hexiang and Zhan, De-Chuan and Sha, Fei},
	year         = 2020,
	booktitle    = {Proceedings of the IEEE/CVF Conference on Computer Vision and Pattern Recognition},
	pages        = {8808--8817}
}
@inproceedings{goodemballneed2020,
	title        = {Rethinking few-shot image classification: a good embedding is all you need?},
	author       = {Tian, Yonglong and Wang, Yue and Krishnan, Dilip and Tenenbaum, Joshua B and Isola, Phillip},
	year         = 2020,
	booktitle    = {European Conference on Computer Vision},
	pages        = {266--282},
	organization = {Springer}
}
@article{dhillon2019baseline,
	title        = {A baseline for few-shot image classification},
	author       = {Dhillon, Guneet S and Chaudhari, Pratik and Ravichandran, Avinash and Soatto, Stefano},
	year         = 2019,
	journal      = {arXiv preprint arXiv:1909.02729}
}
@article{mohanty2016using,
	title        = {{Using Deep Learning for Image-Based Plant Disease Detection}},
	author       = {Mohanty, Sharada P and Hughes, David P and Salath{\'e}, Marcel},
	year         = 2016,
	journal      = {Frontiers in Plant Science},
	publisher    = {Frontiers},
	volume       = 7,
	pages        = 1419
}

@inproceedings{chen2020simple,
	title        = {A simple framework for contrastive learning of visual representations},
	author       = {Chen, Ting and Kornblith, Simon and Norouzi, Mohammad and Hinton, Geoffrey},
	year         = 2020,
	booktitle    = {International conference on machine learning},
	pages        = {1597--1607},
	organization = {PMLR}
}
@techreport{WelinderEtal2010,
	title        = {{Caltech-UCSD Birds 200}},
	author       = {P. Welinder and S. Branson and T. Mita and C. Wah and F. Schroff and S. Belongie and P. Perona},
	year         = 2010,
	number       = {CNS-TR-2010-001},
	institution  = {California Institute of Technology}
}
@article{kingma2014adam,
	title        = {Adam: A method for stochastic optimization},
	author       = {Kingma, Diederik P and Ba, Jimmy},
	year         = 2014,
	journal      = {arXiv preprint arXiv:1412.6980}
}
@article{ren2018meta,
	title        = {Meta-learning for semi-supervised few-shot classification},
	author       = {Ren, Mengye and Triantafillou, Eleni and Ravi, Sachin and Snell, Jake and Swersky, Kevin and Tenenbaum, Joshua B and Larochelle, Hugo and Zemel, Richard S},
	year         = 2018,
	journal      = {arXiv preprint arXiv:1803.00676}
}
@techreport{WahCUB_200_2011,
	title        = {{The Caltech-UCSD Birds-200-2011 Dataset}},
	author       = {Wah, C. and Branson, S. and Welinder, P. and Perona, P. and Belongie, S.},
	year         = 2011,
	number       = {CNS-TR-2011-001},
	institution  = {California Institute of Technology}
}
@article{guo2019new,
	title        = {{A New Benchmark for Evaluation of Cross-Domain Few-Shot Learning}},
	author       = {Guo, Yunhui and Codella, Noel CF and Karlinsky, Leonid and Smith, John R and Rosing, Tajana and Feris, Rogerio},
	year         = 2019,
	journal      = {arXiv preprint arXiv:1912.07200}
}
@inproceedings{chen2021self,
	title        = {Self-supervised learning for few-shot image classification},
	author       = {Chen, Da and Chen, Yuefeng and Li, Yuhong and Mao, Feng and He, Yuan and Xue, Hui},
	year         = 2021,
	booktitle    = {ICASSP 2021-2021 IEEE International Conference on Acoustics, Speech and Signal Processing (ICASSP)},
	pages        = {1745--1749},
	organization = {IEEE}
}
@article{Ye2022,
	title        = {{Revisiting Unsupervised Meta-Learning via the Characteristics of Few-Shot Tasks}},
	author       = {Ye, Han-Jia and Han, Lu and Zhan, De-Chuan},
	year         = 2022,
	journal      = {IEEE Transactions on Pattern Analysis and Machine Intelligence},
	pages        = {1--1},
	doi          = {10.1109/TPAMI.2022.3179368},
	issn         = {0162-8828},
	url          = {https://ieeexplore.ieee.org/document/9786650/},
	file         = {:Users/ojas/Library/Application Support/Mendeley Desktop/Downloaded/Ye, Han, Zhan - 2022 - Revisiting Unsupervised Meta-Learning via the Characteristics of Few-Shot Tasks.pdf:pdf},
	mendeley-groups = {Unsupervised Meta Learning,Unsupervised Meta Learning/FSL-SSL,Unsupervised Meta Learning/Useful-Ideas}
}
@inproceedings{lee2021meta,
	title        = {Meta-GMVAE: Mixture of Gaussian VAE for Unsupervised Meta-Learning},
	author       = {Lee, Dong Bok and Min, Dongchan and Lee, Seanie and Hwang, Sung Ju},
	year         = 2021,
	booktitle    = {ICLR}
}
@article{xu2021unsupervised,
	title        = {Unsupervised meta-learning for few-shot learning},
	author       = {Xu, Hui and Wang, Jiaxing and Li, Hao and Ouyang, Deqiang and Shao, Jie},
	year         = 2021,
	journal      = {Pattern Recognition},
	publisher    = {Elsevier},
	volume       = 116,
	pages        = 107951
}
@inproceedings{bateni2022enhancing,
	title        = {Enhancing few-shot image classification with unlabelled examples},
	author       = {Bateni, Peyman and Barber, Jarred and van de Meent, Jan-Willem and Wood, Frank},
	year         = 2022,
	booktitle    = {Proceedings of the IEEE/CVF Winter Conference on Applications of Computer Vision},
	pages        = {2796--2805}
}
@article{Cui2021,
	title        = {Parameterless Transductive Feature Re-representation for Few-Shot Learning},
	author       = {Wentao Cui and Yuhong Guo},
	year         = 2021
}
@article{garcia2017few,
	title        = {Few-shot learning with graph neural networks},
	author       = {Garcia, Victor and Bruna, Joan},
	year         = 2017,
	journal      = {arXiv preprint arXiv:1711.04043}
}
@inproceedings{yang2020dpgn,
	title        = {Dpgn: Distribution propagation graph network for few-shot learning},
	author       = {Yang, Ling and Li, Liangliang and Zhang, Zilun and Zhou, Xinyu and Zhou, Erjin and Liu, Yu},
	year         = 2020,
	booktitle    = {Proceedings of the IEEE/CVF conference on computer vision and pattern recognition},
	pages        = {13390--13399}
}
@inproceedings{ziko2020laplacian,
	title        = {Laplacian regularized few-shot learning},
	author       = {Ziko, Imtiaz and Dolz, Jose and Granger, Eric and Ayed, Ismail Ben},
	year         = 2020,
	booktitle    = {International conference on machine learning},
	pages        = {11660--11670},
	organization = {PMLR}
}
@article{boudiaf2020information,
	title        = {Information maximization for few-shot learning},
	author       = {Boudiaf, Malik and Ziko, Imtiaz and Rony, J{\'e}r{\^o}me and Dolz, Jos{\'e} and Piantanida, Pablo and Ben Ayed, Ismail},
	year         = 2020,
	journal      = {Advances in Neural Information Processing Systems},
	volume       = 33,
	pages        = {2445--2457}
}
@inproceedings{das2022confess,
	title        = {ConFe{SS}: A Framework for Single Source Cross-Domain Few-Shot Learning},
	author       = {Debasmit Das and Sungrack Yun and Fatih Porikli},
	year         = 2022,
	booktitle    = {International Conference on Learning Representations},
	url          = {https://openreview.net/forum?id=zRJu6mU2BaE}
}
@article{shirekar2022self,
	title        = {Self-Supervised Class-Cognizant Few-Shot Classification},
	author       = {Shirekar, Ojas Kishore and Jamali-Rad, Hadi},
	year         = 2022,
	journal      = {arXiv preprint arXiv:2202.08149}
}
@inproceedings{li2022ranking,
	title        = {Ranking Distance Calibration for Cross-Domain Few-Shot Learning},
	author       = {Li, Pan and Gong, Shaogang and Wang, Chengjie and Fu, Yanwei},
	year         = 2022,
	booktitle    = {Proceedings of the IEEE/CVF Conference on Computer Vision and Pattern Recognition},
	pages        = {9099--9108}
}
@article{peyre2019computational,
	title        = {Computational optimal transport: With applications to data science},
	author       = {Peyr{\'e}, Gabriel and Cuturi, Marco and others},
	year         = 2019,
	journal      = {Foundations and Trends{\textregistered} in Machine Learning},
	publisher    = {Now Publishers, Inc.},
	volume       = 11,
	number       = {5-6},
	pages        = {355--607}
}
@article{cuturi2013sinkhorn,
	title        = {Sinkhorn distances: Lightspeed computation of optimal transport},
	author       = {Cuturi, Marco},
	year         = 2013,
	journal      = {Advances in neural information processing systems},
	volume       = 26
}
@inproceedings{velic018graph,
	title        = {Graph Attention Networks},
	author       = {Petar VeliÄkoviÄ and Guillem Cucurull and Arantxa Casanova and Adriana Romero and Pietro LiÃ² and Yoshua Bengio},
	year         = 2018,
	booktitle    = {International Conference on Learning Representations},
	url          = {https://openreview.net/forum?id=rJXMpikCZ}
}
@article{vaswani2017attention,
	title        = {Attention is all you need},
	author       = {Vaswani, Ashish and Shazeer, Noam and Parmar, Niki and Uszkoreit, Jakob and Jones, Llion and Gomez, Aidan N and Kaiser, {\L}ukasz and Polosukhin, Illia},
	year         = 2017,
	journal      = {Advances in neural information processing systems},
	volume       = 30
}
@inproceedings{Zhu_2022_CVPR,
	title        = {EASE: Unsupervised Discriminant Subspace Learning for Transductive Few-Shot Learning},
	author       = {Zhu, Hao and Koniusz, Piotr},
	year         = 2022,
	month        = {June},
	booktitle    = {Proceedings of the IEEE/CVF Conference on Computer Vision and Pattern Recognition (CVPR)},
	pages        = {9078--9088}
}
@inproceedings{khoi2021sslgan,
	title        = {A Self-supervised GAN for Unsupervised Few-shot Object Recognition},
	author       = {Nguyen, Khoi and Todorovic, Sinisa},
	year         = 2021,
	booktitle    = {2020 25th International Conference on Pattern Recognition (ICPR)},
	volume       = {},
	number       = {},
	pages        = {3225--3231},
	doi          = {10.1109/ICPR48806.2021.9412539}
}
@article{zhang2022miso,
	title        = {Multi-level Second-order Few-shot Learning},
	author       = {Zhang, Hongguang and Li, Hongdong and Koniusz, Piotr},
	year         = 2022,
	journal      = {IEEE Transactions on Multimedia},
	volume       = {},
	number       = {},
	pages        = {1--1},
	doi          = {10.1109/TMM.2022.3142955}
}
@inproceedings{Wang2021,
	title        = {Cross-Domain Few-Shot Classification via Adversarial Task Augmentation},
	author       = {Wang, Haoqing and Deng, Zhi-Hong},
	year         = 2021,
	month        = 8,
	booktitle    = {Proceedings of the Thirtieth International Joint Conference on Artificial Intelligence, {IJCAI-21}},
	publisher    = {International Joint Conferences on Artificial Intelligence Organization},
	pages        = {1075--1081},
	doi          = {10.24963/ijcai.2021/149},
	url          = {https://doi.org/10.24963/ijcai.2021/149},
	note         = {Main Track},
	editor       = {Zhi-Hua Zhou}
}
@article{li2020few,
	title        = {Few-shot image classification via contrastive self-supervised learning},
	author       = {Li, Jianyi and Liu, Guizhong},
	year         = 2020,
	journal      = {arXiv preprint arXiv:2008.09942}
}
@inproceedings{Yazdanpanah_2022_CVPR,
	title        = {Visual Domain Bridge: A Source-Free Domain Adaptation for Cross-Domain Few-Shot Learning},
	author       = {Yazdanpanah, Moslem and Moradi, Parham},
	year         = 2022,
	month        = {June},
	booktitle    = {Proceedings of the IEEE/CVF Conference on Computer Vision and Pattern Recognition (CVPR) Workshops},
	pages        = {2868--2877}
}

@inproceedings{
bardes2022vicreg,
title={{VICR}eg: Variance-Invariance-Covariance Regularization for Self-Supervised Learning},
author={Adrien Bardes and Jean Ponce and Yann LeCun},
booktitle={International Conference on Learning Representations},
year={2022},
url={https://openreview.net/forum?id=xm6YD62D1Ub}
}

@InProceedings{Lee_2019_CVPR,
author = {Lee, Kwonjoon and Maji, Subhransu and Ravichandran, Avinash and Soatto, Stefano},
title = {Meta-Learning With Differentiable Convex Optimization},
booktitle = {Proceedings of the IEEE/CVF Conference on Computer Vision and Pattern Recognition (CVPR)},
month = {June},
year = {2019}
}

@inproceedings{
mishra2018a,
title={A Simple Neural Attentive Meta-Learner},
author={Nikhil Mishra and Mostafa Rohaninejad and Xi Chen and Pieter Abbeel},
booktitle={International Conference on Learning Representations},
year={2018},
url={https://openreview.net/forum?id=B1DmUzWAW},
}

@article{ghiasi2018dropblock,
  title={Dropblock: A regularization method for convolutional networks},
  author={Ghiasi, Golnaz and Lin, Tsung-Yi and Le, Quoc V},
  journal={Advances in neural information processing systems},
  volume={31},
  year={2018}
}
@article{oreshkin2018tadam,
  title={Tadam: Task dependent adaptive metric for improved few-shot learning},
  author={Oreshkin, Boris and Rodr{\'\i}guez L{\'o}pez, Pau and Lacoste, Alexandre},
  journal={Advances in neural information processing systems},
  volume={31},
  year={2018}
}
@inproceedings{dwibedi2021little,
  title={With a little help from my friends: Nearest-neighbor contrastive learning of visual representations},
  author={Dwibedi, Debidatta and Aytar, Yusuf and Tompson, Jonathan and Sermanet, Pierre and Zisserman, Andrew},
  booktitle={Proceedings of the IEEE/CVF International Conference on Computer Vision},
  pages={9588--9597},
  year={2021}
}

@inproceedings{
garcia2018fewshot,
title={Few-Shot Learning with Graph Neural Networks},
author={Victor Garcia Satorras and Joan Bruna Estrach},
booktitle={International Conference on Learning Representations},
year={2018},
url={https://openreview.net/forum?id=BJj6qGbRW},
}

@article{caron2020unsupervised,
  title={Unsupervised learning of visual features by contrasting cluster assignments},
  author={Caron, Mathilde and Misra, Ishan and Mairal, Julien and Goyal, Priya and Bojanowski, Piotr and Joulin, Armand},
  journal={Advances in Neural Information Processing Systems},
  volume={33},
  pages={9912--9924},
  year={2020}
}

@article{grill2020bootstrap,
  title={Bootstrap your own latent-a new approach to self-supervised learning},
  author={Grill, Jean-Bastien and Strub, Florian and Altch{\'e}, Florent and Tallec, Corentin and Richemond, Pierre and Buchatskaya, Elena and Doersch, Carl and Avila Pires, Bernardo and Guo, Zhaohan and Gheshlaghi Azar, Mohammad and others},
  journal={Advances in neural information processing systems},
  volume={33},
  pages={21271--21284},
  year={2020}
}

@inproceedings{chen2021exploring,
  title={Exploring simple siamese representation learning},
  author={Chen, Xinlei and He, Kaiming},
  booktitle={Proceedings of the IEEE/CVF Conference on Computer Vision and Pattern Recognition},
  pages={15750--15758},
  year={2021}
}

@inproceedings{he2020momentum,
  title={Momentum contrast for unsupervised visual representation learning},
  author={He, Kaiming and Fan, Haoqi and Wu, Yuxin and Xie, Saining and Girshick, Ross},
  booktitle={Proceedings of the IEEE/CVF conference on computer vision and pattern recognition},
  pages={9729--9738},
  year={2020}
}

@inproceedings{deng2009imagenet,
  title={Imagenet: A large-scale hierarchical image database},
  author={Deng, Jia and Dong, Wei and Socher, Richard and Li, Li-Jia and Li, Kai and Fei-Fei, Li},
  booktitle={2009 IEEE conference on computer vision and pattern recognition},
  pages={248--255},
  year={2009},
  organization={Ieee}
}

@InProceedings{Zhang_2021_ICCV,
    author    = {Zhang, Xueting and Meng, Debin and Gouk, Henry and Hospedales, Timothy M.},
    title     = {Shallow Bayesian Meta Learning for Real-World Few-Shot Recognition},
    booktitle = {Proceedings of the IEEE/CVF International Conference on Computer Vision (ICCV)},
    month     = {October},
    year      = {2021},
    pages     = {651-660}
}

@article{wang2019simpleshot,
  title={Simpleshot: Revisiting nearest-neighbor classification for few-shot learning},
  author={Wang, Yan and Chao, Wei-Lun and Weinberger, Kilian Q and van der Maaten, Laurens},
  journal={arXiv preprint arXiv:1911.04623},
  year={2019}
}

@article{brody2021attentive,
  title={How attentive are graph attention networks?},
  author={Brody, Shaked and Alon, Uri and Yahav, Eran},
  journal={arXiv preprint arXiv:2105.14491},
  year={2021}
}
@article{bachman2019learning,
  title={Learning representations by maximizing mutual information across views},
  author={Bachman, Philip and Hjelm, R Devon and Buchwalter, William},
  journal={Advances in neural information processing systems},
  volume={32},
  year={2019}
}

@inproceedings{kim2019edge,
  title={Edge-labeling graph neural network for few-shot learning},
  author={Kim, Jongmin and Kim, Taesup and Kim, Sungwoong and Yoo, Chang D},
  booktitle={Proceedings of the IEEE/CVF conference on computer vision and pattern recognition},
  pages={11--20},
  year={2019}
}

@inproceedings{yu2022hybrid,
  title={Hybrid Graph Neural Networks for Few-Shot Learning},
  author={Yu, Tianyuan and He, Sen and Song, Yi-Zhe and Xiang, Tao},
  booktitle={Proceedings of the AAAI Conference on Artificial Intelligence},
  volume={36},
  number={3},
  pages={3179--3187},
  year={2022}
}

@article{liu2018learning,
  title={Learning to propagate labels: Transductive propagation network for few-shot learning},
  author={Liu, Yanbin and Lee, Juho and Park, Minseop and Kim, Saehoon and Yang, Eunho and Hwang, Sung Ju and Yang, Yi},
  journal={arXiv preprint arXiv:1805.10002},
  year={2018}
}

@article{kim2022pure,
  title={Pure Transformers are Powerful Graph Learners},
  author={Kim, Jinwoo and Nguyen, Tien Dat and Min, Seonwoo and Cho, Sungjun and Lee, Moontae and Lee, Honglak and Hong, Seunghoon},
  journal={arXiv preprint arXiv:2207.02505},
  year={2022}
}

@article{zheng2022unsupervised,
  title={Unsupervised few-shot image classification via one-vs-all contrastive learning},
  author={Zheng, Zijun and Feng, Xiang and Yu, Huiqun and Li, Xiuquan and Gao, Mengqi},
  journal={Applied Intelligence},
  pages={1--15},
  year={2022},
  publisher={Springer}
}

@article{cui2022coarse,
  title={Coarse-to-fine pseudo supervision guided meta-task optimization for few-shot object classification},
  author={Cui, Yawen and Liao, Qing and Hu, Dewen and An, Wei and Liu, Li},
  journal={Pattern Recognition},
  volume={122},
  pages={108296},
  year={2022},
  publisher={Elsevier}
}
		
@article{mcculloch1943logical,
  title={A logical calculus of the ideas immanent in nervous activity},
  author={McCulloch, Warren S and Pitts, Walter},
  journal={The bulletin of mathematical biophysics},
  volume={5},
  number={4},
  pages={115--133},
  year={1943},
  publisher={Springer}
}

